2422 3840
381 181 406 230 3.
430 174 462 240 Q.
477 173 607 229 AELIUS
626 173 772 229 TUBERO
1017 173 1082 237 365

70 342 321 416 compensationis
352 342 498 401 rationem
530 342 653 418 habore3
688 359 743 400 uso
776 341 855 400 enim
887 344 989 416 aperte
1021 342 1081 400 for-

71 432 171 490 mulae
194 431 293 489 verbis
315 430 513 507 praecipitur,
537 431 589 489 sed
612 425 684 507 quia
706 431 738 488 id
760 430 856 489 bonae
879 429 949 488 fidei
972 430 1081 489 iudicio

72 519 249 578 conveniens
284 519 419 596 videtur,
442 519 525 579 ‘ideo
564 519 691 578 officio
732 518 866 577 iudicis
903 519 1083 577 contineri

70 602 223 668 creditur.'

164 695 278 772 Operae
306 696 437 772 pretium
462 696 596 769 videtur,
625 714 700 773 quae
729 696 765 754 de
788 695 897 754 iudicis
919 713 1084 754 munerea

76 785 150 844 Gaio
175 785 302 860 sparsim
323 785 494 858 traduntur,
518 785 673 845 collocare.
715 786 784 844 sunt
805 786 869 843 fero
887 785 972 842 haec:
997 786 1026 859 4,
1041 786 1082 843 42

74 869 270 933 ‘adiudicatio
298 876 344 932 est
371 892 407 932 ea
433 891 503 949 pars
531 873 678 932 formulae
701 893 761 950 qua
782 873 970 949 permittitur
991 873 1084 932 iudici

75 982 139 1022 rem
162 963 252 1021 alicui
276 981 312 1021 ex
334 962 539 1039 litigatoribus
563 961 733 1025 adiudicare
757 955 821 1022 ...'
867 963 908 1021 43
934 954 1084 1020 ‘condem-

75 1051 157 1110 natio
187 1056 233 1109 est
260 1070 296 1109 ea
323 1069 393 1126 pers
421 1051 568 1109 formulae
597 1071 656 1128 qua
681 1051 773 1109 iudici
796 1050 1011 1110 condemnandi
1034 1050 1085 1110 ab·

76 1139 246 1210 solvendive
273 1142 407 1215 potestas
432 1140 620 1215 permittitur
642 1132 712 1200 ...'
759 1142 801 1198 46
825 1133 848 1199 ³.
864 1182 893 1198 ..
916 1138 948 1196 in
971 1139 1085 1198 factum

74 1232 233 1303 conceptas
265 1247 406 1288 vocamus
436 1219 611 1310 (actiones),
645 1274 678 1290 ..
706 1229 739 1286 in
766 1226 874 1305 quibus
901 1227 986 1286 nulla
1012 1228 1083 1287 talis

75 1317 203 1376 intentio
227 1322 371 1392 concepta
393 1320 452 1394 ost,
476 1313 572 1395 <sed>
594 1316 679 1376 initio
703 1317 850 1375 formulae
873 1315 1026 1376 nominato
1050 1335 1084 1376 eo

76 1405 156 1482 quod
188 1407 303 1464 factum
335 1409 391 1478 ost,
425 1406 594 1465 adiciuntur
626 1425 661 1464 ea
690 1407 784 1465 verba
809 1425 863 1481 per
890 1424 966 1482 quae
993 1405 1086 1465 iudici

77 1494 238 1552 damnandi
260 1494 493 1570 absolvendique
512 1497 646 1570 potestas
666 1495 755 1553 datur
774 1488 838 1553 ...'
879 1495 920 1553 48
940 1487 1086 1553 ‘omnium

77 1587 178 1641 autem
197 1583 394 1642 formularum
413 1602 489 1660 quae
507 1582 783 1642 condemnationem
801 1583 921 1659 habent,
940 1583 978 1641 ad
996 1603 1085 1659 pecu·

77 1671 205 1731 niariam
223 1671 461 1730 aestimationem
475 1672 681 1730 condemnatio
696 1674 839 1746 concepta
853 1675 907 1730 est.
937 1671 1040 1748 itaque
1055 1677 1087 1730 et

79 1761 103 1818 si
124 1779 230 1835 corpus
250 1760 371 1836 aliquod
389 1766 535 1837 petamus,
553 1761 650 1819 veluti
669 1759 794 1818 fundum
808 1759 958 1818 hominem
971 1765 1086 1820 vestem

78 1844 230 1926 <aurum>
249 1851 416 1927 argentum,
438 1849 528 1907 iudex
546 1867 606 1907 nou
624 1848 721 1923 ipsam
739 1866 802 1907 rem
821 1849 998 1907 condemnat
1017 1868 1085 1907 eum

78 1956 146 1995 cum
170 1957 228 2014 quo
253 1939 352 1995 actum
375 1941 430 2014 est,
454 1937 532 1996 sicut
555 1937 626 1997 olim
649 1936 714 1995 fieri
736 1936 860 2010 solebat,
884 1931 979 2013 (sed)
999 1939 1087 1996 aesti-

79 2029 161 2082 mata
193 2044 237 2083 re
253 2024 411 2101 pecuniam
438 2045 505 2084 eum
533 2018 731 2085 condemnat'
780 2027 819 2086 51
850 2020 873 2084 ‘.
888 2067 917 2083 ..
944 2024 1034 2084 iudex
1062 2026 1087 2085 si

79 2114 262 2185 condemnet,
285 2118 397 2171 certam
417 2113 576 2189 pecuniam
594 2108 791 2173 condemnare
809 2114 906 2189 debet,
930 2114 986 2172 etsi
1005 2117 1088 2173 certa

78 2201 206 2275 pecunia
236 2202 268 2258 in
299 2202 542 2262 condemnatione
574 2203 673 2278 posite
704 2221 765 2262 non
797 2196 861 2261 sit'
912 2204 953 2262 52
983 2197 1087 2262 ‘debet

80 2293 183 2347 autem
207 2289 296 2348 iudex
319 2291 485 2365 attendere,
512 2296 548 2350 ut
571 2309 639 2350 cum
663 2293 762 2351 certae
784 2291 926 2367 pecuniae
950 2292 1086 2350 condem-

79 2378 161 2436 natio
180 2379 280 2453 posita
298 2379 346 2455 sit,
364 2399 461 2456 neque
477 2380 599 2440 maioris
611 2398 708 2458 neque
723 2379 845 2440 minoris
860 2398 975 2439 summa
988 2381 1088 2457 posita

80 2467 269 2544 condemnet3
283 2468 418 2544 alioquin
431 2469 516 2528 litem
531 2488 616 2528 suam
630 2469 711 2528 facit.
734 2469 808 2528 item
822 2469 849 2528 si
862 2469 976 2528 taxatio
989 2470 1089 2545 posite

80 2560 139 2632 est,
167 2575 203 2614 ne
230 2556 326 2630 pluris
354 2557 532 2616 condemnat
558 2577 648 2633 quam
671 2561 808 2616 taxatum
830 2557 883 2633 sit3
911 2558 986 2617 alias
1009 2559 1089 2617 euim

81 2644 221 2703 similiter
238 2645 323 2703 litem
343 2663 428 2704 suam
446 2646 526 2706 facit.
559 2647 681 2706 minoris
701 2649 803 2705 antem
822 2646 963 2705 damnare
978 2646 1006 2705 ei
1023 2666 1090 2722 per·

80 2733 206 2791 missum
225 2737 272 2792 est
293 2728 354 2793 ...’
387 2737 427 2794 58
448 2729 510 2794 ²...
530 2734 555 2794 si
573 2780 602 2794 ..
622 2735 719 2793 minus
738 2737 870 2811 positum
888 2735 980 2794 fuerit
998 2755 1089 2813 quam

66 2824 208 2899 oportet,
231 2823 287 2882 hoo
311 2823 409 2882 solum
430 2823 623 2899 consequitur
640 2817 767 2902 <actor>
786 2824 865 2901 quod
883 2824 997 2900 posuit3
1019 2842 1089 2882 nam

81 2913 147 2968 tota
165 2911 285 2985 quidem
302 2930 350 2971 res
369 2911 401 2969 in
416 2910 558 2970 iudicium
573 2912 739 2990 deducitur,
758 2911 975 2989 constringitur
989 2916 1090 2972 autem

81 2999 336 3059 condemnationis
371 2999 444 3078 fine,
481 3019 571 3077 quam
609 3000 698 3059 iudex
735 3000 837 3077 egredi
873 3019 933 3060 non
968 2996 1089 3075 potest'

84 3090 122 3146 61
151 3083 215 3164 ‘<in
233 3088 328 3148 bonae
347 3088 416 3147 fidei
435 3092 536 3147 autem
553 3087 670 3148 iudiciis
689 3088 784 3148 libera
802 3091 936 3164 potestas
955 3089 1090 3164 permitti

82 3175 202 3234 videtur
232 3177 325 3236 iudici
357 3196 393 3235 ex
424 3176 501 3237 bono
534 3181 565 3236 et
596 3196 691 3255 aequo
723 3176 914 3256 aestimandi,
946 3181 1091 3254 quantum

82 3265 178 3323 actori
204 3266 352 3341 praestari
381 3266 500 3342 debeat3
528 3266 559 3324 in
587 3285 646 3343 quo
672 3270 702 3324 et
724 3260 823 3345 illud>
846 3265 1028 3342 continetur,
1056 3270 1090 3324 ut

82 3353 187 3412 habita
209 3356 326 3414 ratione
349 3354 414 3414 eius
433 3355 512 3432 quod
530 3355 657 3414 invicem
675 3356 808 3414 actorem
826 3373 861 3413 ex
879 3356 982 3413 eadem
1001 3373 1092 3413 causa

84 3445 237 3515 praestare
261 3439 420 3518 oporteret,
443 3443 476 3501 in
496 3444 646 3520 reliquum
664 3462 732 3502 eum
751 3461 819 3501 cum
838 3462 897 3519 quo
921 3446 1021 3503 actum
1045 3450 1093 3502 est

83 3527 300 3591 condemnare?
353 3535 414 3592 119
439 3527 463 3592 ‘.
480 3579 508 3592 ..
532 3533 628 3593 omnis
656 3532 794 3610 exceptio
823 3531 961 3590 enudetur
989 3527 1125 3599 ugrum
