2422 3840
76 178 119 230 11.
134 170 534 230 ocrav.111sas¹saN1usr
549 205 582 214 -
598 177 641 229 14.
656 173 836 240 O.AQU1LL.
851 175 994 232 GALLUS
1030 177 1091 239 111

244 405 313 488 13.
351 411 390 496 Q.
417 409 686 484 CORNELIUS
714 411 935 485 MAXIMUS

168 563 306 624 Trebatii
329 563 438 624 Testae
460 567 637 641 praeceptor
655 556 853 645 (Pomponius
876 564 896 640 ξ
916 557 982 646 45),
1006 584 1094 642 quem

78 651 182 714 Cicero
208 653 242 712 in
265 651 402 729 epistolis
425 653 463 712 ad
486 651 662 712 Trebatium
684 671 711 712 a.
732 647 849 732 700s54
872 656 1019 713 memorat
1042 645 1095 731 (ad

77 742 148 801 lam.
169 744 198 817 7,
220 732 256 824 8)
281 735 402 819 ‘querar
420 760 488 801 cum
506 739 640 800 Vacerra
657 744 688 800 et
706 742 844 801 Manilio:
867 761 937 802 nam
956 741 1094 802 Cornelio

78 831 154 890 nihil
178 831 276 890 audeo
295 830 402 908 dicere,
425 829 511 889 cuius
534 832 571 889 tn
593 831 727 906 periculo
752 831 865 891 stultus
889 851 930 907 es,
953 832 1095 909 quoniam

78 923 108 978 ts
144 919 184 980 ab
217 937 253 979 eo
287 937 390 995 sapere
427 918 565 979 didicisse
597 913 769 995 profiteris'.
825 923 857 998 7,
884 923 937 996 17,
962 923 980 981 3
1019 913 1095 996 ‘hoc,

80 1008 333 1085 quemadmodum
355 1026 408 1068 vos
431 1007 560 1068 scribere
585 1008 689 1067 soletis
711 1009 743 1067 in
766 1009 875 1068 vestris
897 1009 992 1085 libris,
1015 1009 1094 1068 idem

80 1097 111 1168 Q.
135 1097 277 1157 Cornelio
301 1091 479 1166 videbatnr'.
522 1096 616 1174 idem,
642 1099 678 1156 ut
700 1097 834 1175 videtur,
857 1100 948 1176 atque
973 1093 1094 1158 ‘Gorne-

79 1178 150 1246 lins'
174 1185 278 1244 Alfeni
304 1186 355 1246 rel
377 1185 479 1262 potius
502 1185 600 1245 Servii
622 1186 659 1244 D.
680 1188 735 1264 33,
756 1189 788 1265 7,
809 1189 864 1264 16,
886 1191 902 1246 1
928 1187 978 1263 (cf.
1000 1181 1094 1265 iufra)

80 1278 109 1334 et
135 1274 267 1335 fortasse
294 1274 374 1334 idem
402 1276 494 1352 atque
517 1267 695 1334 ‘Maximus'·
716 1278 839 1335 senatus
867 1277 997 1336 consulti
1024 1277 1095 1335 anni

81 1357 197 1443 743s11
223 1364 261 1423 de
283 1358 433 1422 flaminica
455 1363 538 1422 Diali
561 1363 642 1440 apud
666 1362 730 1424 Gai.
752 1367 862 1442 1,136
889 1359 947 1444 (ἵ.
970 1365 1094 1424 Maximi

81 1455 110 1512 et
127 1452 298 1512 Tuberonis
321 1454 444 1512 cautum
467 1455 523 1528 est,
545 1454 581 1511 ut
602 1453 677 1512 haec
700 1455 781 1531 quod
804 1453 843 1512 ad
867 1471 952 1514 sacra
972 1457 1094 1514 tantum

80 1541 220 1601 videatur
241 1541 274 1599 in
295 1560 388 1600 manu
412 1559 476 1600 esse
501 1534 588 1618 ....’)

488 1728 683 1805 Responsa.

167 1855 208 1920 D.
222 1856 276 1937 33,
291 1857 320 1939 7,
341 1857 436 1940 16,1.
469 1855 606 1921 Alfenus
624 1856 709 1922 libro
729 1855 867 1921 secundo
884 1855 1093 1941 Digestorum

82 1966 98 2006 a
128 1945 233 2009 Paulo
268 1945 527 2029 epitomatorum.
578 1943 683 2010 Vinea
715 1949 748 2008 et
779 1945 995 2010 instrumento
1024 1945 1093 2009 eius

82 2033 188 2120 legato
212 2033 466 2098 instrumentum
489 2033 605 2099 vineae
624 2034 707 2098 nihil
726 2055 796 2098 esse
816 2031 945 2097 Servius
964 2054 1094 2117 respon·

83 2122 134 2188 dit
180 2122 237 2207 qui
265 2143 338 2186 cum
361 2123 563 2205 consulebat,
591 2121 778 2187 Cornelium
801 2121 1005 2205 respondisse
1029 2122 1093 2185 aie-

83 2210 148 2294 bat,
172 2211 269 2296 palos
291 2211 429 2292 perticas
455 2215 578 2276 rastros
601 2211 728 2297 ligones
751 2210 958 2276 instrumenti
981 2211 1092 2275 vineae

83 2320 156 2365 esse.

268 2580 336 2662 14.
372 2586 409 2660 0.
438 2586 691 2675 AQUILLIUS
720 2587 905 2660 GALLUS

167 2739 202 2810 Q.
225 2739 318 2799 Mucii
340 2741 461 2800 auditor
483 2734 680 2820 (Pomponius
704 2739 724 2816 ξ
745 2735 809 2822 24),
834 2740 983 2800 Ciceronis
1006 2739 1091 2799 fami-

81 2827 171 2908 liaris,
195 2847 298 2906 eques,
321 2829 374 2906 qui
396 2831 428 2888 in
445 2828 590 2888 Viminali
611 2831 731 2889 domum
749 2831 983 2906 pulcherrimam
1000 2830 1090 2888 habe-

81 2916 129 2978 bat
147 2911 243 2998 (Plin.
262 2918 290 2976 h.
309 2937 339 2976 n.
360 2921 409 2997 17,
430 2909 474 2999 2),
493 2919 581 2978 homo
605 2923 713 2979 acutus
736 2922 767 2978 et
789 2919 971 2978 exercitatus
994 2937 1092 2995 prom-

80 3010 147 3081 ptae
175 3008 209 3066 et
233 3008 358 3081 paratae
385 3007 418 3065 in
446 3009 561 3084 agendo
589 3011 621 3067 et
645 3009 677 3067 in
699 3008 903 3084 respondendo
927 3007 1090 3066 celeritatis

81 3089 197 3174 (Cicero
225 3094 312 3155 Brut.
338 3088 431 3176 154),
459 3089 517 3156 ‘vir
544 3115 671 3175 magnae
700 3097 889 3156 auctoritatis
913 3100 944 3155 et
967 3094 1092 3155 scientia

79 3183 152 3245 iuris
175 3179 336 3262 excellens'¹
361 3179 442 3265 (Val.
461 3185 538 3246 Max.
559 3188 588 3263 8,
604 3189 633 3262 2,
648 3180 696 3264 2),
724 3186 813 3244 iudex
840 3186 872 3244 in
899 3203 992 3242 causa
1018 3181 1090 3242 Ota·

79 3273 165 3333 oiliae
188 3273 361 3332 Laterensis
385 3279 416 3333 et
439 3272 470 3333 0.
493 3273 612 3334 Visellii
635 3273 779 3333 Varronis
802 3268 885 3352 (Vel.
902 3273 981 3331 Max.
1003 3271 1023 3329 l.
1043 3265 1091 3350 0.),

80 3357 197 3440 673182
226 3361 317 3421 iudex
338 3362 370 3421 in
394 3361 525 3433 Quinctii
548 3381 652 3439 causa,
678 3356 793 3440 cassae
817 3364 939 3439 praetor
962 3360 1091 3437 quaesti-

79 3451 143 3511 onis
163 3452 201 3510 de
218 3451 337 3510 ambitu
355 3443 475 3533 (Cicero
493 3471 548 3527 pro
568 3451 706 3511 Cluentio
727 3453 778 3526 53,
797 3442 884 3530 147),
903 3450 1091 3510 consulatum

78 3559 138 3600 non
165 3540 269 3616 petiit,
299 3543 335 3599 ut
355 3541 430 3602 iuris
453 3541 515 3602 arti
536 3541 656 3605 viveret
679 3532 1112 3629 1610000010100.1,1,Χ
