2422 3840
149 158 211 223 180
248 157 294 212 v1.
319 155 452 213 OCTAVI
471 156 570 213 SAEC.
589 154 685 212 IURIS
705 154 878 212 consum.
895 154 1021 211 SERIES
1039 154 1151 211 PRIMA

147 325 381 385 einheimischen
398 324 583 384 Production
604 324 708 385 wurde
731 323 845 383 fremde
863 323 965 384 Wolle
983 322 1075 383 theiis
1091 342 1151 386 ver·

148 414 289 491 arbeitet,
316 414 408 473 theiis
430 414 486 474 roh
513 412 545 472 in
573 431 697 490 grosseu
720 413 917 483 Quantittten
944 412 977 472 in
998 412 1076 472 Rom
1098 413 1152 472 ein-

148 503 271 581 geffihrt
362 502 494 562 Gesucht
513 521 614 561 waren
632 502 713 566 diese
731 501 964 562 verschiedenen
983 499 1152 580 Gettungen

147 592 239 651 theils
257 592 339 650 ihrer
352 591 500 667 Feinheit,
519 591 608 651 theiis
627 591 709 651 ihrer
727 590 916 650 natflrlichen
935 591 1046 650 echten
1062 591 1152 649 Farbe

147 699 265 758 wegen,
293 681 341 739 die
368 681 434 739 eine
462 679 583 739 weitere
607 679 749 756 Ftrbung
775 679 925 756 unnothig
952 680 1073 739 machte
1096 672 1152 738 ...’

148 771 185 829 ei.
205 769 359 829 decretum
382 767 414 827 0.
433 768 548 827 Fannio
572 772 603 827 et
625 769 664 828 M.
685 768 806 827 Valerio
826 767 968 827 Messalla
986 767 1153 828 consulibus

149 851 190 938 (a.
210 848 374 938 592s162)
398 857 521 932 factum,
543 857 575 915 in
597 876 657 932 quo
680 856 822 916 iubentur
844 855 994 933 principes
1019 857 1155 934 civitatis,

148 947 201 1022 qui
233 945 313 1005 ludis
340 945 562 1023 Megalensibus
595 945 719 1023 antiquo
747 946 810 1004 ritu
835 946 1028 1022 mutitarent,
1062 946 1156 1005 iurare

149 1034 228 1110 apud
252 1036 388 1094 consules
410 1035 509 1095 verbis
532 1034 696 1112 conceptis,
723 1053 782 1093 non
805 1034 874 1093 vino
897 1033 1081 1111 alienigena,
1109 1033 1156 1095 sed

148 1123 265 1200 patriae
288 1143 320 1182 se
343 1142 461 1183 usuros.
503 1122 579 1184 (leil.
600 1125 628 1201 2,
644 1125 695 1199 24,
711 1124 739 1181 2.
866 1147 869 1151 ·

239 1229 320 1299 Quae
350 1228 472 1289 Servius
501 1229 537 1288 de
564 1229 625 1288 lino
654 1228 854 1305 responderit,
882 1247 976 1304 aeque
1001 1229 1158 1288 nescimus.
1199 1220 1201 1247 ³

150 1319 258 1398 „lleine
286 1318 449 1379 Leinwand
480 1317 596 1377 lieferte
623 1317 734 1377 Italion
764 1317 875 1394 wenig,
907 1317 980 1376 aber
1007 1317 1158 1378 ordinares

149 1408 262 1465 Leinon
284 1407 335 1465 fur
359 1407 416 1464 den
438 1406 553 1465 Bedarf
573 1407 626 1465 der
648 1406 774 1465 Familie
797 1405 900 1466 wurde
922 1404 964 1464 im
985 1405 1092 1467 Hense
1115 1426 1159 1486 ge-

150 1495 230 1554 webt
253 1488 566 1575 (D.32,1,70,11).
604 1495 660 1554 Die
684 1495 836 1554 Zunshme
860 1494 910 1554 des
928 1493 1084 1555 Verkehrs
1107 1496 1160 1555 mit

152 1584 209 1642 deu
242 1582 503 1642 ausseritalischen
530 1584 669 1643 Landern
699 1583 822 1642 brachie
849 1583 943 1643 feines
969 1582 1160 1661 Linneuzeug

150 1675 256 1731 immer
271 1673 357 1730 mehr
370 1671 402 1729 in
416 1672 595 1731 Aninahme.
619 1673 677 1731 Elin
690 1673 784 1732 feincs
794 1673 1002 1731 Taschentuch
1014 1671 1160 1733 brauchte

150 1780 220 1818 man
247 1761 339 1819 sehon
366 1781 402 1819 zu
430 1759 548 1821 Ciceros
576 1761 641 1820 Zeit
669 1807 729 1820 ...
780 1760 895 1820 Plinius
924 1754 967 1844 (n.
990 1761 1020 1819 h.
1047 1765 1104 1840 19,
1128 1754 1160 1843 8)

151 1850 286 1908 erwhhnt
318 1867 349 1908 es
382 1849 428 1909 als
452 1849 517 1909 eine
545 1849 918 1928 Familienuberlieferung
949 1848 1003 1908 ‹ler
1032 1849 1161 1924 Serrani,

151 1939 221 1997 dass
245 1937 292 1996 die
316 1938 434 1997 Frauen
455 1938 527 1998 hein
546 1933 662 1997 Linnen
684 1934 818 2013 tragen“.
849 1937 1029 2014 Marquardt
1047 1958 1072 1999 a.
1089 1958 1116 2000 a
1130 1937 1161 1999 Ο.

151 2047 179 2103 p.
199 2029 337 2104 466sqq.

241 2139 293 2203 31.
316 2137 356 2204 D.
367 2137 419 2219 34,
434 2138 464 2219 2,
473 2138 503 2201 4.
531 2136 651 2201 Paulus
665 2137 748 2202 libro
763 2137 1031 2223 quinquagesimo
1047 2141 1160 2223 quarto

154 2228 193 2291 ad
218 2227 357 2292 edictum
383 2222 433 2311 (Ρ.
451 2224 540 2312 669).
578 2225 658 2290 Cum
683 2225 812 2310 quidam
835 2225 990 2290 libertum
1012 2227 1160 2291 suumin

153 2317 265 2379 Asiam
295 2315 439 2378 misisset
468 2313 508 2377 ad
536 2336 695 2398 purpuras
723 2314 874 2378 emendas
903 2318 935 2378 et
962 2318 1160 2380 testamento

152 2405 245 2468 uxori
260 2424 335 2467 suae
350 2403 457 2466 lanam
472 2424 666 2486 purpuream
681 2403 832 2487 legasset,
850 2403 1012 2488 pertinere
1026 2405 1066 2468 ad
1082 2426 1161 2488 eam,

153 2493 180 2556 si
210 2513 304 2574 quam
333 2512 506 2573 purpuram
533 2492 604 2556 vivo
633 2513 670 2556 eo
693 2492 829 2556 libertus
853 2492 999 2575 emisset,
1032 2493 1161 2557 Servius

153 2579 329 2665 respondit.

439 2690 483 2746 De
500 2693 584 2747 cercis
601 2699 628 2747 ct
645 2693 755 2747 ancillis
773 2693 877 2762 tepetis.

242 2799 294 2865 38.
318 2799 356 2865 Ι).
375 2801 428 2882 32,
447 2801 498 2865 61.
528 2799 618 2865 Idem
636 2797 802 2886 (Alfenus)
825 2801 908 2866 libro
932 2806 1048 2868 octavo
1066 2802 1163 2889 Dige

154 2893 278 2954 storum
311 2910 330 2952 a
361 2888 463 2958 Paulo
496 2887 747 2972 epitomatorem
779 2885 828 2976 (P.
854 2888 919 2976 73).
970 2891 1162 2956 Textoribus

154 2977 314 3060 omnibus,
336 2978 390 3061 qui
410 2977 460 3041 sui
478 2983 587 3042 essent
605 3000 677 3042 cum
697 2983 884 3063 moreretur,
902 2979 1019 3065 legatis
1038 2981 1161 3066 quaesi·

154 3072 224 3131 tum
244 3071 302 3150 est,
320 3087 362 3130 an
378 3071 411 3131 et
425 3066 462 3145 is,
481 3088 577 3151 quem
591 3071 705 3149 postea
720 3089 758 3130 ex
772 3067 824 3132 his
840 3068 1010 3133 ostiarium
1024 3068 1163 3152 fecisset,

154 3157 264 3239 legato
284 3155 512 3220 contineretur.
554 3155 720 3238 respondit
738 3155 910 3221 contineri:
932 3158 1104 3223 nonenim
1124 3158 1163 3222 sd

155 3245 241 3309 aliud
267 3245 446 3328 artificium,
469 3244 524 3308 sed
549 3244 589 3308 ad
609 3245 707 3307 alium
727 3266 821 3308 usum
840 3246 1065 3310 transductum
1084 3268 1163 3311 esse.

244 3332 310 3397 391
332 3332 371 3397 D.
382 3334 434 3412 50,
448 3334 497 3414 16,
507 3333 582 3397 204.
609 3330 728 3396 Paulus
747 3334 829 3398 libro
850 3335 988 3399 secundo
1008 3336 1162 3419 epitoma·

155 3444 227 3485 rum
240 3421 348 3485 Alfeni
357 3419 407 3508 (Ρ.
416 3420 483 3505 38).
507 3419 625 3485 ‘Pueri'
637 3422 812 3504 appellatio
827 3426 893 3487 tres
909 3424 1163 3508 significationes

155 3509 267 3572 habet:
291 3531 398 3594 unam,
422 3532 494 3575 cum
517 3531 629 3574 omnes
649 3532 757 3576 servos
776 3533 892 3594 pueros
912 3513 1163 3597 appellaremus:
