2422 3840
96 184 160 248 136
197 185 244 239 Vl.
267 184 403 240 OCTAVI
423 184 521 239 SAEC.
538 184 634 239 IURlS
655 182 829 239 CONSULT.
848 183 973 238 sumus
992 183 1111 239 PRIMA

96 348 275 432 hominem,
302 368 362 432 pro
391 341 496 431 sapite
526 347 623 412 oooisi
652 347 781 432 agnatis
811 347 879 412 eius
904 348 937 412 in
962 349 1115 413 oontione

97 437 230 502 offerret
253 437 396 501 arietem.

187 527 237 590 11.
266 524 399 589 Tacitus
419 546 492 590 ann.
512 525 563 607 12,
579 525 608 590 8.
635 560 672 570 -
699 524 822 590 addidit
841 522 996 590 Claudius
1021 548 1113 590 saara

96 637 135 680 ex
158 614 285 699 legibus
305 613 392 678 Tulli
412 614 498 697 regis
518 613 710 697 piaculaque
730 635 788 696 per
805 614 977 698 pontifices
997 614 1112 678 danda.

468 814 524 886 [Da
540 813 746 885 sacerdotibus]

186 925 237 990 12.
260 924 371 988 Livius
393 925 421 1006 1,
436 923 488 1008 20,
503 925 532 988 6.
551 959 594 970 -
612 922 805 1007 Pontificem
824 972 854 988 ..
874 923 957 1007 legit
974 921 1113 1012 (Numa)

95 1014 188 1099 eique
222 1034 314 1077 saara
346 1013 454 1076 omnia
487 1014 648 1096 exscripta
681 1018 914 1098 exsignataque
944 1015 1112 1096 adtribuit,

97 1104 214 1186 quibus
242 1102 372 1184 hostin,
400 1101 516 1184 quibus
545 1102 672 1183 (imbuo,
699 1101 739 1165 ad
766 1123 847 1185 quae
871 1102 995 1186 templa
1019 1125 1112 1169 saura

95 1193 220 1256 fierent.
259 1194 365 1255 cetera
385 1211 511 1273 quoque
531 1190 640 1254 omnia
658 1190 788 1273 publiea
807 1191 998 1274 privataque
1020 1213 1111 1257 sacra

95 1279 260 1365 pontificis
293 1279 383 1342 scitis
418 1278 567 1361 subierit,
600 1328 634 1344 ..
667 1300 707 1341 ne
736 1279 812 1363 quid
840 1279 940 1344 divini
967 1281 1048 1344 iuris
1077 1331 1108 1345 ..

96 1369 293 1433 turbaretur.

188 1457 238 1522 13.
271 1455 380 1534 Lydus
405 1457 443 1519 de
462 1477 560 1519 mens.
581 1457 610 1537 1,
625 1457 675 1520 31.
700 1492 742 1503 —
766 1453 820 1519 καὶ
844 1465 941 1522 τοῦτο
966 1453 1004 1522 δὲ
1028 1460 1111 1543 πρὸς

94 1553 155 1609 τοῦ
179 1548 300 1627 Νουμᾶ
325 1544 537 1627 διατέθειται,
561 1544 642 1608 ὥστε
667 1547 744 1620 τοὺς
768 1546 865 1629 ἱερεῖς
887 1552 1025 1630 χαλκαῖς
1048 1558 1110 1625 ψα-

94 1637 201 1715 λίσιν,
224 1630 295 1698 ἀλλ’
318 1633 359 1698 οὐ
382 1635 534 1718 σιδηραῖς
556 1633 801 1717 ἀποκείρεσθαι.

185 1723 234 1786 14.
268 1721 431 1789 Plutarch.
460 1721 568 1786 Numa
599 1724 649 1787 10.
681 1759 722 1768 -
761 1723 864 1804 Τιμδις
895 1718 932 1786 δὲ
964 1725 1110 1806 μεγάλας

95 1809 263 1875 ἀπέδωκεν
281 1811 395 1887 αὐταῖς
409 1809 638 1898 (Vestalibus),
658 1804 705 1875 ὧν
720 1812 788 1875 ἔστι
805 1809 860 1875 καὶ
874 1813 911 1875 τὸ
927 1812 1109 1878 διαθέσθαι

96 1902 215 1978 ζῶντος
242 1898 362 1978 ἐξεῖναι
389 1903 511 1984 πατρὸς
537 1897 592 1964 καὶ
619 1893 722 1963 τᾶλλα
747 1900 901 1984 πράττειν
924 1901 1005 1965 ἄνευ
1029 1924 1108 1987 προ-

94 1988 215 2055 στάτου
239 1990 418 2071 διαγούσας
440 1990 549 2073 ὥσπερ
574 1989 611 2054 αἱ
630 1989 807 2072 τρίααιδες.

186 2108 229 2168 Cf.
254 2108 506 2191 Gai.1‚144sq.
530 2139 572 2150 -
596 2112 712 2169 veteres
736 2154 764 2169 ..
788 2109 949 2169 voluerunt
976 2110 1107 2182 feminas,

94 2198 214 2258 etiamsi
237 2200 387 2273 perfectae
411 2199 520 2257 astatis
544 2197 613 2276 sint,
636 2243 665 2256 ..
686 2199 717 2256 in
740 2198 838 2256 tutela
856 2215 920 2257 osse
1012 2200 1107 2277 loqui—

93 2307 163 2346 mur
195 2288 296 2346 autem
329 2287 461 2362 exceptis
493 2286 660 2362 virginibus
688 2285 877 2363 VestalibuS,
910 2305 986 2363 quas
1019 2290 1107 2348 otiam

94 2380 213 2437 vetares
235 2375 267 2433 in
289 2375 432 2432 honorem
457 2373 616 2433 sacerdotii
639 2375 749 2434 liberas
768 2393 833 2434 esse
854 2375 1030 2454 voluerun13
1053 2377 1107 2437 ita·

95 2482 154 2539 quo
178 2463 270 2523 otiam
294 2463 360 2539 laga
379 2461 437 2521 XII
460 2461 634 2522 tabularum
657 2467 780 2523 cautum
803 2466 857 2524 est.

482 2659 538 2732 [Da
558 2659 723 2731 funeribus]

186 2768 235 2832 15.
268 2765 350 2830 Plin.
372 2769 404 2832 h.
423 2791 453 2833 n.
481 2770 535 2850 14,
556 2770 610 2850 12,
631 2768 681 2834 88.
709 2805 745 2816 -
771 2766 899 2834 Numae
922 2772 1010 2854 regis
1034 2775 1108 2854 post

95 2866 167 2919 eum
193 2853 396 2942 (Romulum)
421 2858 473 2921 lex
497 2862 560 2922 est:
589 2857 675 2921 ‘vino
699 2878 813 2940 rogum
837 2879 877 2921 ne
900 2859 1107 2944 respargito'.

186 2945 236 3008 16.
259 2943 344 3009 Fest.
363 2968 394 3029 p.
413 2947 484 3011 178.
507 2982 547 2992 -
574 2947 713 3010 occisum
735 2968 753 3009 a
772 2951 886 3010 necato
907 2947 1110 3033 distinguunt

94 3033 238 3117 quidam,
273 3035 358 3118 quod
392 3037 528 3099 alterum
563 3057 582 3098 a
615 3034 774 3098 caedendo
808 3041 906 3118 atque
938 3036 1006 3101 iotu
1039 3038 1107 3102 fieri

93 3122 212 3205 dieunt,
237 3122 373 3188 alterum
399 3125 466 3187 sine
490 3125 566 3188 ictu.
611 3124 719 3206 itaque
743 3125 777 3187 in
801 3121 928 3189 Numae
952 3124 1107 3210 Pompilii

92 3212 179 3293 regis
202 3211 329 3296 legibus
354 3213 508 3297 scriptum
531 3216 593 3276 est:
618 3208 659 3275 ‘si
678 3211 842 3276 hominem
862 3211 985 3278 fulmen
1004 3214 1106 3280 Ιοοιέ1

93 3300 218 3383 occisit,
248 3323 288 3364 ne
318 3322 415 3383 supra
443 3322 548 3385 genua
576 3299 709 3364 tollito'.
756 3305 789 3365 et
818 3302 911 3366 alibi:
940 3301 1057 3368 ‘homo
1081 3303 1107 3367 si

92 3385 228 3452 fulmine
253 3390 377 3453 occisus
402 3392 465 3474 est,
488 3390 518 3453 ei
541 3389 627 3453 iusta
649 3390 739 3453 nulla
762 3390 830 3453 fieri
855 3391 1005 3476 oportet'.

156 3561 172 3604 1
190 3553 361 3608 rulmmibns
383 3554 425 3625 C.‚
445 3555 598 3611 emandavit
618 3553 749 3626 Scaliger.
