2422 3840
321 159 347 210 8.
373 152 526 210 SERVIUS
545 153 729 210 SULPICIUS
749 155 865 211 RUFUS
1037 158 1099 222 179

105 321 173 381 rina
191 321 368 400 diffudisset,
385 326 487 382 tamen
506 341 604 382 omne
621 315 806 404 (savinum)
823 368 847 383 ..
863 322 1099 404 existimari’3

103 402 300 470 ‘habiturus
317 412 415 471 usioni
433 411 498 487 ipse
517 413 548 470 et
566 412 652 472 heres
672 407 748 471 eius'
768 407 957 490 ‘reliquisset
979 433 1015 472 ex
1033 417 1100 493 qui-

99 497 146 559 bus
158 499 429 576 paterfamilias
443 499 570 561 vendere
584 501 691 560 solitus
705 496 811 577 esset';
828 496 906 560 ‘curn
920 502 1099 578 probaretur

96 606 165 646 eum
197 589 258 666 qni
289 591 548 649 testamentum
579 589 731 649 fecisset
758 633 788 649 ..
816 591 942 651 vendere
975 592 1098 651 solitum

94 671 178 754 esse’,
205 671 335 754 ‘partem
357 695 451 754 penus
474 722 518 754 ..,
546 679 579 736 ut
603 698 639 738 ex
662 696 701 737 00
721 669 840 758 (vinci)
863 724 890 739 ..
912 678 1031 756 darent,
1055 681 1097 740 sic

90 765 174 825 mihi
194 760 325 843 placet'3
353 760 400 825 ‘ut
422 785 459 825 ex
482 785 517 826 ea
540 758 641 848 (lana)
665 810 695 826 ..
719 785 754 826 ea
777 758 904 848 (uxori)
929 763 1096 849 sumeret'),

90 854 138 913 sed
165 855 258 914 etiam
284 854 318 914 in
348 873 491 931 responso
514 854 551 914 de
573 875 606 914 re
630 855 744 933 agitur,
772 859 809 915 de
833 875 893 933 qua
917 874 1013 916 sermo
1037 877 1097 916 non

88 960 149 1003 csse
178 943 320 1003 debebat:
347 962 417 1003 nam
445 944 514 1002 lana
541 944 637 1003 linum
663 964 798 1020 purpura
820 946 923 1021 legata
946 944 1095 1020 dicuntur,

86 1025 192 1109 ‘quae
210 1032 335 1092 uxoris
349 1051 459 1092 causa
476 1034 608 1109 parata
627 1028 777 1112 essent’3
796 1034 890 1093 nihilo
905 1034 1003 1093 minus
1017 1053 1096 1093 nunc

83 1121 228 1199 legimus:
247 1115 285 1180 ‘si
302 1120 379 1180 nihil
397 1140 434 1181 ax
452 1140 487 1180 ca
506 1112 605 1202 (lana)
624 1121 803 1182 destinasset
818 1123 856 1180 ad
869 1141 957 1182 usum
971 1119 1095 1182 uxoris'.

173 1209 257 1280 Quae
278 1213 349 1287 post
372 1209 510 1270 Servium
534 1209 662 1269 Sabinus
686 1229 813 1287 eumque
837 1214 956 1271 secutus
980 1212 1094 1270 Paulus

81 1298 259 1372 docuerunt,
282 1317 318 1357 ea
337 1298 552 1358 Tribonianum
571 1299 603 1356 in
619 1298 699 1359 hunc
717 1300 817 1359 locum
835 1301 1094 1378 negligentissime

79 1387 274 1447 transtulisse
297 1391 430 1465 apparet.
477 1386 593 1448 Gellius
616 1390 756 1464 4,1,23
782 1389 939 1448 enimait:
972 1383 1024 1449 ‘ex
1047 1390 1094 1449 his

81 1480 186 1536 autem
204 1495 281 1554 quae
299 1476 496 1552 promercalia
519 1480 549 1536 et
567 1478 689 1536 usuaria
706 1477 802 1536 isdem
819 1478 851 1537 in
869 1478 951 1554 locis,
977 1497 1041 1538 esse
1060 1497 1095 1538 ea

80 1567 147 1625 sola
174 1566 295 1642 penoris
322 1567 412 1640 putat
439 1556 494 1647 (sc.
517 1564 667 1624 Masurius
693 1566 820 1625 Sabinus
843 1567 875 1625 in
899 1567 973 1625 iuris
997 1567 1094 1626 civilis

79 1645 242 1735 secundo),
270 1671 348 1731 quae
376 1655 449 1714 satis
477 1654 537 1713 sint
563 1673 622 1713 usu
650 1649 774 1714 annuo'.
821 1656 1000 1715 conferenda
1023 1659 1094 1715 sunt

79 1761 160 1820 quae
186 1742 300 1802 Paulus
326 1742 404 1802 libro
433 1746 540 1819 quarto
569 1743 607 1801 ad
635 1742 778 1802 Sabinum
802 1736 854 1825 (D.
874 1746 928 1816 33,
950 1748 982 1817 9,
1001 1741 1036 1822 4,
1057 1739 1092 1825 2)

79 1831 199 1892 scribit:
237 1826 279 1890 ‘si
315 1831 381 1909 quis
419 1831 526 1891 solitus
562 1833 679 1890 fructus
717 1850 786 1890 suos
823 1832 950 1890 vendere
982 1851 1094 1908 penum

77 1920 242 1999 legaverit,
273 1938 334 1979 non
366 1920 466 1980 omnia
497 1939 574 1997 quae
607 1923 638 1979 et
668 1918 827 1995 promercii
857 1938 948 1978 causa
977 1922 1092 1999 habuit,

77 2011 198 2088 legasse
225 2008 358 2086 ridetur,
386 2010 439 2069 sed
467 2027 502 2068 ea
529 2009 605 2082 sola,
633 2028 709 2084 quae
736 2009 767 2066 in
794 2026 903 2083 penum
926 2008 984 2066 sibi
1008 2027 1092 2083 sepa-

79 2099 178 2159 rabat.
223 2097 305 2176 quod
328 2098 353 2157 si
375 2097 542 2173 promiscue
566 2097 612 2157 uti
635 2097 764 2173 solebat,
790 2100 862 2155 tunc
885 2098 1031 2172 quantum
1054 2097 1091 2156 ad

79 2205 216 2246 annuum
237 2205 328 2246 usum
350 2189 411 2247 cius
434 2186 593 2262 sufficeret,
683 2185 782 2261 legato
807 2186 900 2262 cedet,
923 2186 1001 2262 quod
1020 2186 1091 2259 fere,

78 2275 179 2353 inquit
202 2273 344 2349 Sabinus,
372 2275 471 2337 evenit
497 2276 528 2333 in
556 2274 691 2351 personis
718 2278 917 2334 mercatorum
942 2276 996 2332 aut
1019 2293 1091 2350 quo-

78 2365 159 2424 tiens
182 2365 260 2424 cella
282 2367 328 2423 eat
350 2364 409 2424 olei
432 2367 463 2423 01
480 2364 552 2444 vini,
576 2383 651 2441 quae
669 2364 769 2423 venire
789 2363 933 2440 solebant,
956 2363 987 2420 in
1005 2364 1091 2421 here·

79 2453 176 2512 (litate
200 2446 325 2512 relicta'.
367 2471 434 2512 cum
458 2454 536 2512 enirn
558 2472 652 2528 penus
673 2447 766 2511 ‘intus
786 2456 816 2511 at
834 2446 966 2528 penitus'
985 2470 1089 2511 recon-

79 2542 203 2601 deretur
220 2535 311 2618 (Gell.
331 2535 486 2620 4,1,17),
509 2541 600 2600 ceteri
618 2542 734 2600 fructus
753 2542 804 2616 qui
823 2541 924 2600 venire
944 2541 1089 2618 solebant,

78 2631 109 2690 in
138 2631 207 2690 aliis
233 2630 308 2690 locis
330 2630 540 2703 servabantur,
568 2630 680 2689 scilicet
703 2631 734 2688 in
757 2630 841 2690 cellis
864 2630 912 2688 vel
936 2630 1089 2705 apothecis

76 2720 126 2781 vel
148 2719 274 2779 horreis.

167 2808 277 2884 Itaque
295 2825 371 2884 quae
391 2806 513 2868 Servius
533 2808 589 2866 hac
608 2807 644 2866 da
662 2826 695 2865 ra
713 2807 909 2882 responderit,
932 2807 1089 2865 nescimus.

77 2897 209 2957 fortasse
223 2896 260 2956 de
274 2895 433 2974 generibus
447 2896 533 2954 lanae
549 2896 697 2955 disserens
707 2886 759 2975 (cf.
769 2895 862 2954 rerba
872 2890 950 2954 ‘cum
960 2896 1089 2954 multam

77 2986 179 3046 lanam
203 2988 235 3045 01
258 2985 370 3044 omnis
393 2985 511 3061 generis
534 2979 720 3061 reliquisset'
745 2988 775 3042 et
798 2984 833 3043 D.
854 2985 905 3061 34,
920 2985 983 3059 2,4
1008 2978 1089 3041 ‘curn

77 3118 106 3134 ..
126 3075 214 3135 uxori
233 3092 305 3133 suae
323 3074 424 3133 lanam
441 3092 624 3149 purpuream
643 3063 799 3152 legasset')
813 3072 950 3130 Italicam
967 3074 1088 3130 tantum

76 3164 188 3240 lanam,
209 3181 271 3222 non
287 3161 420 3221 Atticam
442 3162 491 3222 rel
510 3159 659 3220 Milesiam
681 3160 730 3218 vel
748 3160 938 3235 Bithynicam
959 3159 1087 3218 aliamve

75 3252 270 3331 peregrinam
291 3253 409 3326 penoris
432 3269 495 3311 esse
520 3269 587 3309 cum
611 3249 766 3319 11110010
791 3248 907 3307 statuit.
948 3247 983 3306 cf.
1006 3247 1086 3304 Mar-

76 3336 188 3418 quardt
210 3340 405 3400 Privatleben
422 3339 454 3399 Π
471 3360 500 3415 p.
515 3342 578 3399 476
590 3356 662 3416 sqq,
685 3337 737 3395 ubi
755 3338 829 3395 haec
848 3336 989 3412 legimus:
1013 3335 1086 3411 „Die

75 3428 338 3506 Wollproduction
365 3431 406 3487 ist
432 3428 538 3487 immor
567 3428 615 3485 ain
637 3426 818 3503 Haupttheil
846 3426 898 3483 der
920 3425 1087 3483 rbmischen

74 3517 354 3580 Landwirthschaft
379 3535 516 3594 gewesen
641 3515 730 3577 Trotz
757 3516 852 3575 dieser
879 3512 1095 3573 beieutensien

832 3617 889 3674 11*
