2422 3840
97 167 162 231 214
197 168 244 223 VI.
266 167 402 224 OCTAVI
421 167 518 224 SAEC.
538 167 635 223 IURIS
653 167 826 225 corisum.
846 167 970 224 scalas
988 167 1108 224 PRIMA

95 337 215 395 domum
234 336 429 413 unicuique
447 339 611 396 nostrum
630 337 736 395 debere
756 337 931 415 existimari,
951 339 1005 398 ubi
1023 339 1108 414 quis⁴

96 445 153 500 que
176 467 206 483 ..
230 443 375 484 suarum
403 472 431 486 ..
459 444 578 484 rerum
606 425 912 486 constitutionem
934 423 1108 487 fecisset'

95 517 197 588 aperte
224 512 472 590 interpolatorem
497 513 636 590 produnt.
683 517 752 573 ante
780 515 881 575 oculos
909 515 1015 575 habuit
1042 516 1107 575 6116

95 602 186 662 dubio
213 602 403 679 imperatoris
430 603 611 662 Diocletiani
638 603 691 661 illa
718 603 811 663 verba
838 595 885 682 (0.
905 607 959 679 10,
978 607 1036 681 40,
1059 597 1107 686 7):

95 685 160 750 ubi
184 690 276 792 quis.
291 710 418 750 .rerum
441 710 591 750 suarum
629 710 803 751 summam
826 693 969 752 constitui
936 688 1004 769 uit’,
1028 713 1108 768 quae

94 780 236 855 corrupit.
285 781 386 857 itaque
420 780 511 839 etiam
541 780 634 842 verba
665 773 751 858 (ubi
784 773 925 860 quisque)
957 782 1043 842 sedes
1078 788 1110 842 et

93 869 214 927 tabulas
236 862 372 927 haberet'
395 869 605 1016 paraphrasim
624 887 687 928 esse
705 869 805 928 iudico
824 863 929 944 laris'‚
953 869 1006 948 qui
1025 872 1110 946 apud

93 957 315 1023 Diocletianum
341 958 490 1032 reperitur
454 951 547 1037 ur(
555 957 607 1016 ubi
634 957 700 1034 quis
728 958 883 1018 larem..
895 952 1109 1061 'constituit',)

95 1049 185 1123 atque
214 1046 306 1105 etiam
333 1046 371 1105 ab
399 1046 567 1123 antiquis'
558 1047 633 1106 ruris
656 1046 800 1105 consultis
823 1047 971 1106 nominari
994 1048 1110 1109 debuit.

83 1135 275 1194 Diocletiani
301 1134 405 1194 verba:
438 1127 532 1193 unde
560 1154 663 1194 rursus
690 1154 750 1194 non
778 1134 818 1194 sit
845 1136 1048 1210 discessurus,
1082 1139 1110 1197 si

94 1224 170 1282 nihil
194 1227 308 1299 avocet,
330 1223 409 1282 unde
433 1243 501 1282 cum
523 1224 676 1298 profectus
700 1223 749 1299 sit,
771 1225 957 1300 peregrinari
975 1225 1110 1305 videtur,

95 1332 154 1389 quo
178 1312 204 1370 61
226 1312 325 1388 rediit,
347 1312 534 1386 peregrinari
553 1312 614 1370 iam
633 1305 761 1371 destitit'
781 1313 893 1388 optime
911 1314 1110 1374 illustrantur

96 1403 138 1459 616
171 1420 246 1476 6166
273 1400 344 1459 Prel
345 1401 389 1460 161
421 1407 493 1460 rdm
520 1401 646 1477 Mythol
673 1400 717 1478 11,
739 1403 801 1462 108
835 1404 871 1460 de
903 1402 1018 1461 laribus
1050 1405 1111 1464 ait:

95 1489 204 1567 .,16166
226 1489 299 1548 Fest
324 1489 402 1547 trifft
389 1489 472 1548 1616
499 1491 584 1548 mit.
600 1490 701 1549 ..116
723 1489 811 1550 Feier
840 1491 893 1550 der
915 1491 1112 1568 gldcklichen

95 1536 255 1637 1116116111
282 1578 361 1636 61166
388 1533 707 1655 Familicngliedes..
727 1599 816 1640 ,161
844 1579 1007 1639 161116166
1037 1583 1114 1641 6161

96 1684 151 1725 616
174 1666 227 1724 161
249 1666 457 1743 gafahrvollcn
480 1666 534 1726 See
559 1667 630 1726 oder
653 1686 707 1726 aus
730 1667 798 1726 dem
822 1667 930 1744 Krioge

185 1754 227 1813 Ut
237 1757 274 1814 61
284 1754 428 1814 Alfenum
436 1758 632 1832 revertamur,
648 1756 739 1814 etiam
749 1757 825 1816 duae
835 1757 906 1816 illae
917 1758 1112 1834 quaestiones

96 1843 129 1901 in
150 1843 247 1904 Servii
269 1863 413 1919 responso
438 1845 588 1903 seiunctae
612 1837 757 1920 (priorem
780 1845 852 1922 quid
875 1848 955 1905 esset
972 1841 1113 1906 ‘domum

97 1926 224 2010 ducere',
248 1933 373 1992 alteram
393 1933 467 2008 quid
485 1936 564 1992 esset
583 1926 649 1992 ‘suo
668 1952 725 1992 usu
744 1927 879 2014 ducere')
898 1937 977 1994 male
995 1938 1112 1996 tracta·

95 2027 145 2080 tae
175 2024 254 2081 sunt.
298 2023 391 2082 verba
414 2016 523 2099 ‘igitur
549 2021 653 2099 quaeri
680 2017 835 2082 soleret'
858 2023 919 2082 alia
941 2023 973 2083 in
996 2045 1112 2085 memo-

95 2110 173 2169 riam
186 2114 328 2171 revocant
343 2105 393 2189 (D.
408 2113 459 2181 44,
474 2114 501 2186 7,
516 2102 588 2192 20):
612 2104 728 2170 ‘servus
742 2130 802 2170 non
817 2112 850 2170 in
865 2111 1002 2172 omnibus
1017 2115 1112 2174 rebus

96 2200 159 2258 sine
178 2219 274 2276 poena
292 2199 411 2259 domino
432 2199 511 2258 dicto
535 2199 658 2258 audiens
677 2218 741 2258 6666
763 2194 884 2278 solet’,
907 2220 983 2278 6166
1002 2202 1115 2263 itidem

97 2307 115 2346 6
134 2289 314 2348 Triboniano
337 2290 457 2346 mutata
479 2306 543 2346 6666
562 2291 650 2363 puto:
673 2289 705 2346 in
722 2290 852 2366 utroquo
871 2289 949 2349 enim
968 2290 1034 2349 1666
1054 2312 1113 2367 pro

96 2369 226 2436 ‘solere'
253 2376 355 2451 potius
384 2370 523 2435 ‘debere’
552 2377 696 2452 scriptum
724 2377 816 2436 luisse
838 2377 946 2438 iudico.
992 2381 1114 2441 6666111

98 2464 289 2525 soloecismus
318 2458 460 2524 ‘soleret'
489 2465 568 2542 quod
596 2465 699 2524 debuit
725 2483 789 2525 6666
812 2459 950 2543 ‘solere',
977 2467 1024 2526 111
1049 2469 1115 2528 iam

96 2551 270 2612 Haloander
292 2553 428 2613 correxit.
461 2547 602 2613 ‘dicetur’
623 2573 678 2630 pro
702 2548 845 2614 ‘dicatur'
869 2559 900 2614 et
922 2550 1113 2634 ‘unicuique'

95 2660 150 2716 pro
170 2636 270 2701 ‘unius
290 2637 444 2718 cuiusque'
462 2643 570 2702 vixl
531 2642 632 2701 Alfeni
652 2645 728 2702 sunt.
756 2643 860 2704 Servii
879 2645 1115 2720 explicationem

97 2749 116 2788 a
139 2730 320 2790 Triboniano
349 2731 478 2790 deletam
506 2732 629 2807 eiusque
656 2731 720 2790 loco
749 2750 804 2790 sua
826 2732 919 2792 verba
941 2734 1115 2795 substituta

98 2837 162 2878 esse
186 2823 323 2919 apparet:
297 2813 412 2879 1661
435 2819 471 2879 16
495 2839 530 2879 66
548 2839 580 2878 16
600 2821 732 2879 66161111
732 2823 798 2879 tum
817 2840 881 2881 esse
900 2841 967 2881 eam
985 2823 1114 2884 domum

96 2907 258 2982 unicuique
285 2911 423 2968 nostrum
452 2909 559 2968 debere
587 2909 765 2987 existimari,
797 2910 850 2969 ubi
875 2910 1000 2988 quisque
1023 2912 1113 2973 66166

98 3000 129 3055 61
156 2995 275 3056 tabulas
306 2997 431 3056 haberet
458 3017 638 3072 suarumque
665 3017 766 3056 rerum
794 3000 1042 3060 constitutionem
1070 3002 1113 3061 fe-

98 3080 207 3145 616661.
254 3105 331 3162 6166
354 3086 481 3146 Alfenus
506 3086 643 3146 Servium
670 3087 858 3161 respondisse
881 3088 1020 3165 tradidit,
1049 3090 1112 3150 for-

96 3180 175 3234 tasse
199 3193 234 3233 ea
262 3178 344 3252 sunt,
377 3195 454 3253 quae
482 3176 513 3233 in
540 3174 721 3234 Diocletiani
749 3175 960 3237 constitutione
989 3182 1113 3239 servata

99 3267 177 3338 sunt,
196 3265 232 3322 ut
250 3264 393 3323 Alfenum
412 3265 454 3323 sic
472 3266 534 3323 fere
554 3264 708 3339 scripsisse
728 3265 862 3323 conicere
880 3265 983 3326 liceat:
1003 3260 1113 3344 ‘igitur

98 3353 202 3428 quaeri
230 3353 350 3413 debere:
383 3356 539 3412 utrum..
562 3352 687 3412 1166111.
734 3352 785 3411 661
808 3355 930 3413 domum
954 3374 1021 3415 eam
1045 3375 1112 3416 esse

99 3441 205 3499 debere
229 3440 403 3519 existimari,
425 3442 479 3501 ubi
483 3441 569 3542 quis
592 3442 688 3500 larem
710 3461 869 3520 rerumque
889 3462 1011 3503 suarum
1030 3464 1112 3505 sum·

88 3547 171 3585 mam
195 3530 411 3593 6616111111..
428 3524 449 3592 .'
