2422 3840
124 151 189 216 346
217 151 290 207 VlII.
306 150 439 206 OCTAVI
454 149 655 206 SAEO.IURIS
670 149 843 205 CONSULT.
855 149 979 204 SERIES
994 149 1132 203 TERTIA

123 319 323 396 tripertitum:
356 319 514 378 collectum
546 318 657 379 etenim
689 321 737 378 est
765 337 801 377 ex
829 319 1019 378 naturalibus
1046 338 1136 394 prae·

125 398 224 485 ceptis*
243 411 297 468 aut
319 408 457 486 gentium
479 411 533 466 aut
556 401 715 469 civilibus'.
748 407 810 466 alia
831 407 947 467 ratione
970 405 1073 468 Cicero
1097 409 1135 466 de

124 498 213 575 legib.
238 499 266 573 3,
289 499 306 556 6
331 491 539 574 ‘magistratus
561 496 668 573 partiti
690 490 776 556 iuris'
800 496 880 555 dicit.
1100 533 1104 540 -

212 585 353 646 Karlowa
375 586 402 659 Ι,
423 587 486 645 486
514 587 588 645 haec
615 584 671 644 ait:
703 578 775 644 ‘Dor
803 585 884 644 Titel
911 585 958 644 ius
985 585 1137 661 partitum

124 675 235 751 deutet,
257 673 314 734 wie
337 675 393 733 mit
416 674 511 733 Recht
533 676 642 752 gesagt
663 674 717 749 ist,
740 673 794 732 auf
815 673 864 731 ein
888 674 1135 750 systematisches

123 763 225 836 work,
248 763 313 823 eine
338 763 565 841 systematische
584 762 788 839 Bearbeitung
811 762 932 822 deeius
956 762 1044 822 civile
1068 764 1136 822 hin:

124 871 156 911 er
173 852 307 912 erinnert
326 870 364 910 an
383 852 430 911 die
449 851 506 911 seit
525 850 557 922 Q.
573 851 689 911 Mucius
707 851 877 926 verfolgten
896 851 1136 930 Bestrcbungcn,

124 942 177 1000 das
209 941 257 1000 ius
289 941 376 1001 civile
408 961 446 1000 zu
477 940 558 999 einer
589 958 639 999 ars
675 932 939 1017 auszugcstalten'.
995 940 1136 1018 equidem

123 1030 224 1106 potius
262 1032 425 1107 utrumque
464 1029 524 1104 ius,
569 1028 737 1107 legitimum
776 1031 807 1087 et
846 1029 1045 1106 praetorium,
1087 1030 1135 1089 his

123 1118 209 1178 libris
234 1115 357 1178 Ofilium
380 1117 543 1194 explicasse
565 1116 747 1193 putaverim:
769 1136 840 1176 nam
857 1117 904 1176 ius
924 1137 982 1195 quo
1001 1119 1134 1195 populus

123 1207 275 1266 Romanus
303 1207 365 1265 illis
392 1206 578 1282 temporibus
606 1206 760 1283 utebatur,
793 1205 837 1264 ita
864 1207 1010 1282 partitum
1039 1207 1135 1267 fuisse

123 1299 229 1356 notum
259 1298 312 1355 est.
359 1295 394 1355 cf.
418 1293 482 1356 Gai.
502 1297 536 1367 4,
557 1296 612 1354 34:
643 1288 681 1354 ‘is
709 1294 759 1371 qui
795 1313 831 1353 ex
861 1295 956 1355 edicto
986 1294 1135 1355 bonorum

123 1385 342 1461 possessionem
364 1384 462 1460 petiit,
485 1383 554 1443 ficto
579 1402 610 1443 se
628 1384 735 1443 herede
755 1384 825 1459 agit.
863 1402 930 1443 cum
949 1383 1028 1442 enim
1047 1403 1134 1461 prae·

124 1473 201 1532 torio
224 1473 298 1548 iure,
321 1491 381 1532 non
403 1472 539 1550 legitimo
563 1472 702 1532 succedat
724 1473 755 1530 in
777 1472 877 1532 locum
901 1473 1049 1551 defuncti,
1074 1493 1135 1534 non

124 1562 216 1620 habet
235 1562 363 1621 directas
383 1562 514 1621 actiones
537 1555 608 1620 ...'.
637 1563 666 1638 3,
677 1563 732 1622 32:
756 1554 842 1637 ‘quos
858 1607 864 1620 .
880 1605 887 1619 .
905 1565 1027 1637 praetor
1045 1566 1135 1623 vocat

124 1649 162 1708 ad
189 1650 400 1724 hereditatem,
427 1650 460 1709 hi
486 1650 610 1709 heredes
637 1650 702 1727 ipso
731 1649 850 1726 quidem
873 1650 938 1708 iure
961 1669 1021 1710 non
1044 1651 1134 1728 fiunt3

123 1757 195 1797 nam
220 1741 343 1815 praetor
370 1739 493 1798 heredes
522 1740 619 1799 facere
642 1757 702 1798 non
724 1742 825 1816 potest
924 1739 975 1797 sed
998 1758 1067 1798 oum
1090 1740 1147 1819 eis

123 1829 247 1903 praetor
269 1821 344 1906 <dat
366 1828 513 1888 bonorum
535 1820 787 1905 possessionem),
810 1829 875 1887 loco
898 1827 1044 1887 heredum
1068 1847 1136 1889 con-

124 1911 314 1978 stituuntur'.
353 1919 381 1992 3,
398 1919 453 1976 82:
478 1912 560 1976 ‘sunt
578 1962 584 1976 .
601 1963 607 1975 .
627 1917 719 1976 etiam
737 1916 862 1976 alterius
881 1916 998 1994 generis
1018 1934 1135 1978 succes-

124 2004 229 2064 siones.
276 2025 352 2085 quae
379 2025 474 2082 neque
500 2008 565 2084 lege
588 2004 648 2064 XII
670 2006 845 2064 tabularum
866 2025 962 2083 neque
985 2008 1136 2081 praetoris

124 2093 221 2154 edicto
319 2095 508 2154 introductae
532 2089 623 2154 sunt'.
671 2096 703 2167 3,
725 2096 779 2153 71:
803 2087 877 2155 ‘sive
901 2095 937 2153 de
960 2094 1025 2154 iure
1050 2095 1134 2155 civili

124 2201 314 2262 quaeramus,
339 2183 401 2244 sive
425 2182 460 2243 de
484 2183 582 2243 edicto
604 2183 753 2258 praetoris
776 2176 839 2243 ...'

212 2271 320 2348 Itaque
342 2272 389 2331 his
412 2272 497 2331 libris
521 2271 647 2330 similem
666 2290 731 2330 rem
749 2265 874 2330 Ofilium
891 2274 1037 2331 tractasse
1056 2275 1134 2349 puto

124 2363 215 2437 atque
239 2361 391 2421 actionum
413 2360 499 2419 libris
522 2360 681 2419 tractavit:
705 2378 741 2418 ea
765 2360 842 2418 euim
866 2362 966 2419 aetate
987 2361 1136 2437 praetorii

124 2448 215 2508 edicti
230 2449 349 2509 decreta
362 2449 484 2507 maximi
497 2448 642 2508 momenti
653 2448 747 2507 fuisse
760 2448 907 2508 traditum
922 2451 977 2508 est.
997 2449 1136 2528 Krueger

122 2556 149 2611 p.
171 2539 213 2597 30
224 2556 286 2614 sqq.
331 2539 433 2614 legum
459 2541 673 2613 perpetuarum
699 2538 798 2596 iussus
827 2555 894 2596 cum
917 2537 993 2615 legis
1016 2557 1136 2599 annuae

123 2625 251 2684 decretis
283 2626 462 2703 coniungere
494 2625 555 2684 iam
587 2644 690 2684 eorum
716 2626 768 2701 qui
795 2626 832 2684 de
860 2626 925 2684 iure
953 2627 1137 2705 scribebant,

124 2713 256 2772 officium
288 2719 361 2774 erat.
410 2713 484 2773 iuris
515 2713 621 2790 partiti
652 2714 745 2773 libros
774 2734 844 2792 ergo
872 2714 947 2773 iuris
974 2717 1137 2792 utriusque

121 2801 214 2862 libros
237 2803 329 2862 fuisse
352 2805 435 2880 puto.

212 2890 271 2962 Qui
310 2891 456 2951 librorum
492 2909 633 2951 numerus
670 2892 775 2969 fuerit,
809 2891 970 2951 nescimus:
1009 2892 1137 2968 quintus

122 2983 241 3039 tantum
270 2980 347 3040 liber
374 2980 528 3054 laudatur,
555 2981 640 3057 isque
664 2999 756 3058 aeque
780 2980 882 3058 legata
905 2982 1017 3038 tractat
1041 2984 1135 3058 atque

97 3064 274 3129 'actionum
306 3070 383 3129 liber
415 3069 546 3129 decimus
579 3070 711 3145 quintus.
761 3070 813 3128 sed
843 3069 934 3127 etiam
961 3068 997 3126 de
1025 3068 1137 3130 iisdem

123 3159 213 3218 rebus
236 3159 345 3237 legatis
367 3159 399 3217 in
419 3161 548 3236 utroque
571 3158 648 3218 libro
668 3176 763 3217 sermo
783 3160 837 3233 est,
861 3157 976 3216 scilicet
994 3157 1029 3216 de
1049 3158 1136 3236 ligno

124 3250 155 3305 et
181 3248 218 3306 de
246 3248 438 3324 carbonibus3
466 3252 498 3307 at
525 3246 678 3325 actionum
705 3246 781 3305 libro
810 3240 909 3322 ‘ligna
934 3250 965 3305 et
988 3247 1137 3308 carbones

123 3338 288 3413 ceteraque,
307 3357 361 3413 per
379 3355 455 3414 quae
474 3355 568 3412 penus
586 3336 788 3410 conficeretur,
808 3355 846 3394 an
864 3334 990 3411 penori
1008 3335 1137 3413 legato

123 3425 333 3484 contineantur
357 3419 533 3502 quaeritur',
556 3424 631 3484 iuris
653 3424 761 3500 partiti
781 3443 852 3484 vero
871 3424 949 3483 libro
970 3421 1077 3484 Ofilius
1098 3426 1144 3506 de

115 3528 150 3568 eo
173 3512 309 3591 disserit,
337 3508 396 3574 ‘cui
420 3514 522 3593 ligna
544 3514 668 3592 legata
692 3507 782 3572 sunt'.
