2422 3840
383 189 407 238 1.
431 184 460 239 P.
476 181 642 237 ansanus
661 181 782 237 vanus
1023 181 1087 247 309

77 352 150 410 aber
172 352 213 409 ist
237 351 289 410 das
309 351 391 412 Citat
412 349 552 428 ungenau
572 352 644 411 oder
663 370 694 409 es
713 351 789 428 licgt
808 351 857 409 ein
876 350 1088 410 Abschreiber·

76 441 223 500 versehen
247 436 327 500 vor.“
371 441 464 500 Lenel
487 441 506 500 l.
525 441 544 500 l.
568 460 596 500 n.
614 442 663 498 14.

166 549 218 615 53.
249 549 288 613 D.
312 550 388 616 ibid
417 548 668 636 §1(P.5,1).
716 546 797 612 Cum
824 550 978 634 parietem
1003 570 1087 612 com·
1183 581 1185 587 ·

77 660 209 701 munem
237 639 405 702 aedificare
433 639 505 723 quis
534 661 606 703 cum
636 637 740 702 vicino
764 637 875 720 vellet,
900 637 1087 721 priusquam

78 731 218 790 veterem
251 727 455 811 demolirem,
487 727 598 792 damni
627 725 739 795 infecti
767 726 871 791 vicino
902 727 1089 810 repromisit

78 816 220 898 adeoque
248 813 279 901 (i
308 815 349 880 ab
374 814 511 902 eoque?)
535 816 745 901 restipulatus
772 818 830 880 est.
874 821 1088 899 posteaquam

76 905 182 986 parics
212 904 356 969 sublatus
385 909 470 970 esset
498 909 531 970 et
557 905 757 970 habitatores
787 925 826 969 ex
853 905 966 970 vicinis
995 925 1087 968 oena-

78 993 158 1056 culis
179 993 402 1077 emigrassent,
420 994 545 1058 vicinus
565 993 606 1058 ab
625 1015 662 1057 co
678 992 866 1076 mercedem,
886 1015 982 1077 quam
996 993 1088 1057 habi·

77 1085 200 1145 tatores
224 1103 289 1145 non
312 1081 488 1166 redderent,
511 1085 620 1167 petere
644 1082 723 1146 vult.
760 1083 940 1164 quaesitum
964 1085 1022 1164 est,
1045 1104 1089 1145 an

77 1175 162 1234 recte
185 1171 278 1253 petit.
323 1171 490 1256 respondit
513 1193 578 1235 non
602 1170 784 1255 oportuisse
808 1192 877 1253 eos,
905 1192 976 1234 oum
1001 1190 1087 1234 com·

78 1281 207 1322 munem
237 1259 393 1342 parietem
425 1260 645 1344 aedificarent,
673 1258 758 1323 inter
793 1281 827 1324 se
864 1258 1087 1343 repromittere

77 1369 180 1430 neque
204 1348 271 1412 ullo
295 1349 389 1412 modo
414 1349 551 1421 alterum
575 1350 616 1412 ab
637 1347 740 1412 altero
759 1347 831 1432 cogi
850 1347 1009 1432 potuisse3
1032 1347 1088 1411 sed

78 1436 107 1499 si
131 1438 268 1500 maxime
288 1437 591 1519 [repromitterent],
614 1439 724 1501 tamen
748 1458 812 1501 non
832 1436 969 1521 amplius
989 1458 1087 1520 quam

77 1525 180 1606 partis
205 1525 364 1608 dimidiae,
388 1549 448 1606 quo
472 1526 611 1608 amplius
632 1547 671 1588 ne
692 1527 833 1591 extrario
853 1525 982 1610 quidem
1002 1526 1086 1608 quis·

78 1635 184 1697 quarn,
207 1635 278 1677 cum
302 1615 457 1698 parietem
482 1636 684 1679 communem
703 1613 895 1699 aedificaret,
918 1615 1087 1698 repremit·
1177 1671 1179 1674 .

77 1705 145 1764 tere
174 1702 312 1765 deberet.
367 1702 436 1782 [sed
465 1703 617 1786 quoniam
644 1702 710 1766 iam
737 1703 772 1767 in
799 1707 906 1767 totum
933 1704 1087 1787 repromi-

78 1791 211 1873 sisscnt,
243 1812 350 1873 omne,
382 1791 467 1874 quod
500 1791 685 1855 detrimenti
710 1813 756 1862 ,ex
788 1792 934 1856 mercede
962 1792 1086 1856 vicinus

76 1879 219 1960 fecisset,
242 1882 505 1962 praestaturum]

167 1991 202 2048 cf.
226 1988 322 2048 Servii
344 2007 489 2064 responsa
513 1991 564 2050 84.

166 2098 217 2163 54.
245 2097 284 2162 D.
303 2099 378 2164 ibid.
397 2100 457 2179 §2
480 2097 530 2186 (Ρ.
549 2099 579 2177 5,
594 2096 638 2186 2).
678 2099 769 2164 Idem
792 2100 992 2185 consulebat,
1015 2122 1088 2183 pos·

79 2190 182 2269 sctne,
214 2188 301 2272 quod
331 2188 372 2253 ob
405 2210 478 2253 cam
509 2210 577 2252 rem
608 2187 762 2271 dedisset,
794 2210 905 2253 rursus
934 2193 1086 2272 repetere,

78 2275 231 2358 quoniam
259 2277 478 2360 restipulatus·
497 2282 584 2342 esset
607 2299 626 2341 a
649 2278 769 2361 vicino,
797 2279 825 2342 si
849 2277 925 2362 quid
949 2277 990 2341 ob
1014 2298 1087 2341 eam

76 2386 157 2441 rem,
185 2365 340 2448 quodibi
364 2365 567 2431 aedificatum
591 2369 689 2448 esset,
713 2366 776 2430 sibi
799 2365 951 2430 damnum
975 2365 1087 2430 datum

77 2457 176 2534 esset,
203 2452 237 2516 id
259 2453 362 2535 reddi,
391 2475 462 2518 cum
487 2458 520 2533 et
541 2455 646 2538 ipsam
670 2455 755 2519 hanc
778 2454 962 2539 pecuniam,
989 2477 1086 2540 quam

77 2542 177 2624 daret,
197 2546 328 2625 propter
345 2543 425 2606 illud
445 2564 525 2626 opus
544 2544 700 2630 perderet.
732 2544 900 2627 respondit
912 2565 976 2608 non
991 2564 1086 2627 posse

81 2631 268 2713 [propterea
297 2631 372 2713 quia
398 2653 463 2696 non
487 2631 593 2713 operis
616 2632 709 2714 vitio,
737 2633 793 2697 sed
816 2655 854 2697 cx
878 2630 1086 2716 stipulatione

76 2719 109 2782 id
134 2719 319 2800 amitteret}

167 2829 202 2888 cf.
222 2830 319 2889 Servii
341 2849 483 2906 responsa
507 2833 557 2890 85.
598 2832 712 2892 incluse
733 2834 821 2892 cerba
843 2851 862 2892 c
882 2833 960 2892 Trib.
984 2833 1087 2891 addita

76 2935 136 2977 esse
159 2919 278 2978 Perdice
304 2920 383 2978 cidit.

284 3118 289 3129 .
387 3080 431 3134 De
448 3097 522 3149 aqua
535 3082 635 3150 pluuia
653 3082 779 3138 arcendo.

166 3180 217 3243 55.
241 3178 280 3259 D,
295 3180 347 3262 39,
362 3181 392 3262 3,
405 3181 457 3246 24.
487 3180 624 3246 Alfenus
643 3182 727 3247 libro
747 3184 861 3266 quarto
876 3179 1085 3265 Digestorum

78 3289 97 3329 a
115 3266 216 3331 Paulo
236 3269 487 3350 epitomatorum
507 3266 555 3354 (P.
571 3267 637 3355 64).
673 3268 808 3334 Vicinus
826 3269 889 3334 loci
908 3269 1084 3352 superioris

76 3360 205 3437 pratum
229 3357 276 3420 ita
300 3358 422 3442 arabat,
444 3361 482 3422 ut
503 3380 560 3441 per
581 3360 687 3423 sulcos
706 3360 848 3442 itemque
867 3379 981 3441 porcas
1000 3379 1085 3440 aqua

77 3444 118 3507 ad
137 3443 321 3509 inferiorem
340 3447 470 3510 veniret.
513 3448 694 3530 quaesitum
714 3451 771 3532 est,
790 3468 832 3512 an
851 3469 909 3531 per
928 3445 1097 3510 urbitium

77 3553 179 3615 aquae
210 3533 339 3615 pluviae
371 3535 529 3601 arcendae
561 3538 671 3623 possit
704 3538 798 3624 cogi,
829 3540 875 3599 ut
899 3535 947 3594 'm
973 3530 1128 3588 axem
