2422 3840
81 153 107 200 o.
124 143 374 214 1.(111111111)
387 143 531 200 neutro
545 175 579 186 -
596 143 807 211 1111111111
821 144 1009 201 sonavotn
1045 145 1088 209 49

80 313 137 372 oiv.
162 311 210 371 dei
233 314 263 379 4,
284 314 323 372 27
347 311 483 372 Varrone
507 315 630 372 auctore
652 316 768 392 narrat,
795 313 906 391 quique
928 313 1088 392 generibus

79 401 213 473 duobuS,
236 419 312 476 quae
334 404 440 478 poetae
464 404 495 461 et
516 401 688 478 philosophi
709 401 871 477 traderent,
895 406 948 461 aut
970 403 1088 463 reiectis

78 494 134 548 aut
160 491 250 548 oaute
278 489 415 550 admissis
442 489 587 549 traditum
609 489 687 549 illud
709 509 727 549 a
749 490 932 567 principibus
956 491 1088 552 eivitatis

76 595 175 655 genus
197 578 321 637 tenebat
344 583 434 656 atque
457 577 643 638 defendebat.

172 664 274 727 Cioero
296 667 468 743 Lael.1,1
496 661 516 726 ἦ
536 711 569 726 ..
597 667 767 743 pontifioem
796 666 970 726 Scaevolam
995 687 1089 726 unum

78 758 203 815 nostrae
233 755 364 815 oie-itatis
392 758 423 815 et
449 756 569 832 ingenio
597 759 628 815 et
654 755 772 816 iustitia
798 755 1091 832 praestantissimum

79 843 178 902 audeo
196 837 316 903 dicere?
352 844 386 904 L.
401 843 525 905 Crassus
545 843 626 921 apud
644 843 817 904 Ciceronem
835 844 872 904 de
891 846 1090 922 orat.1,180

80 932 118 992 de
129 931 163 1002 Q.
172 932 271 992 Muoio
282 933 355 992 haeo
364 932 420 992 ait:
435 927 535 992 ‘homo
547 933 680 992 omnium
691 935 721 993 et
735 933 893 1010 disciplina
906 932 980 992 iuris
994 932 1090 994 oivilis

81 1020 306 1080 eruditissimus
329 1024 361 1080 et
382 1021 501 1100 ingenio
524 1021 742 1099 prudentiaque
765 1021 955 1081 acutissimus
1048 1025 1092 1081 at

80 1128 151 1187 que,
173 1111 210 1168 ut
232 1128 288 1186 ego
312 1110 394 1170 soleo
413 1110 520 1187 dioere,
542 1111 616 1170 iuris
635 1111 801 1187 peritorum
820 1110 1092 1189 eloquentissimus,

80 1198 289 1274 eloquentium
310 1198 385 1257 iuris
407 1194 628 1276 peritissimus?

173 1286 256 1357 Quae
284 1285 386 1347 Cioero
414 1287 450 1347 de
473 1288 566 1347 Muoii
593 1288 726 1348 oratione
752 1306 806 1363 pro
830 1286 963 1364 Coponio
989 1290 1094 1347 eontra

81 1374 226 1434 Crassum
252 1375 358 1436 habita
383 1369 434 1454 (of.
458 1394 550 1454 supra
571 1398 599 1453 p.
618 1368 677 1458 46)
699 1376 805 1456 refert,
832 1377 906 1436 haeo
928 1376 990 1436 fere
1013 1380 1092 1436 sunt.

81 1465 172 1524 Brut
197 1466 237 1524 52
266 1457 286 1525 ³.
305 1510 338 1525 ..
367 1465 419 1543 qui
451 1485 487 1524 ex
517 1466 643 1545 populo,
675 1484 744 1525 oum
773 1464 805 1535 Q.
831 1464 1007 1525 Scaevolam
1037 1485 1092 1543 pro

80 1553 122 1612 M.
148 1551 279 1629 Coponio
307 1552 455 1614 dioentem
481 1554 612 1631 audiret,
640 1597 674 1615 ..
702 1554 867 1633 quidquam
892 1554 1017 1630 politius
1041 1557 1094 1613 aut

81 1641 254 1719 elegantius
282 1645 336 1702 aut
364 1643 483 1703 omnino
511 1632 619 1703 melius
646 1646 700 1703 aut
722 1645 909 1719 exspectaret
932 1646 986 1702 aut
1007 1662 1094 1719 posse

84 1730 151 1788 fieri
169 1730 312 1806 putaret?
344 1733 454 1791 onmis
472 1732 529 1792 hoo
547 1733 672 1808 probare
692 1732 792 1808 vellet,
809 1731 857 1790 Μ’.
872 1730 1007 1799 Curium,
1026 1751 1095 1792 oum

83 1819 129 1877 ita
153 1819 240 1879 heres
262 1819 421 1881 institutus
445 1824 537 1897 esset,
561 1821 586 1879 11
609 1821 742 1896 pupillus
765 1822 835 1878 ante
857 1823 994 1880 mortuus
1017 1825 1096 1880 esset

84 1926 177 1983 quam
195 1907 228 1966 in
246 1925 332 1967 suam
349 1910 479 1968 tutelam
496 1909 636 1985 venisset,
654 1908 770 1984 pupillo
789 1927 848 1967 non
866 1910 937 1967 nato
956 1908 1096 1969 heredem

83 2014 150 2056 esse
169 2015 230 2055 non
247 2015 343 2076 posse,
364 1998 437 2073 quid
454 1998 506 2057 ille
525 2017 585 2057 non
605 1997 681 2056 dixit
699 1996 735 2055 de
754 1999 1005 2056 testamentorum
1022 1998 1096 2075 iure,

85 2084 123 2144 de
151 2085 284 2161 antiquis
314 2087 464 2164 formulis,
497 2087 582 2164 quid,
614 2085 865 2164 quemadmodum
892 2084 982 2144 soribi
1010 2104 1096 2162 opor·

85 2173 212 2252 tuisset,
253 2174 279 2233 si
320 2175 411 2234 etiam
451 2176 514 2235 filio
551 2195 611 2234 non
646 2178 718 2234 nato
755 2174 841 2234 heres
877 2173 1096 2251 institueretur,

86 2281 179 2339 quam
202 2263 370 2338 captiosum
392 2283 457 2325 esse
479 2266 592 2342 populo
611 2264 692 2341 quod
710 2262 856 2337 soriptnm
873 2265 960 2340 esset,
983 2263 1098 2341 negligi

86 2354 118 2409 et
147 2351 286 2427 opinione
315 2354 420 2429 quaeri
446 2355 619 2414 voluntates
647 2356 678 2412 et
699 2352 946 2429 interpretatione
972 2352 1096 2412 dserto-

87 2459 157 2498 rum
185 2440 297 2516 soripta
325 2441 505 2516 simplicium
531 2443 687 2501 hominum
714 2444 897 2517 pervertere,
930 2459 1019 2518 quam
1046 2442 1098 2500 iile

88 2528 187 2587 multa
219 2528 255 2587 de
288 2531 468 2590 auctoritate
500 2532 595 2608 patris
628 2531 689 2609 sui,
721 2531 774 2606 qui
804 2549 921 2606 semper
947 2530 994 2588 ius
1022 2530 1100 2589 illud

88 2635 154 2676 esse
192 2616 380 2695 defenderat,
417 2639 509 2695 quam
544 2620 663 2679 omnino
700 2619 796 2678 multa
829 2619 865 2677 de
898 2619 1099 2679 conservando

87 2705 155 2764 iure
183 2705 278 2784 oivili,
306 2726 382 2783 quae
411 2708 530 2786 quidem
558 2709 658 2768 omnia
685 2726 755 2767 oum
781 2707 877 2784 perite
906 2710 936 2766 et
964 2709 1099 2785 scienter,

87 2796 157 2852 tum
192 2794 237 2853 ita
268 2795 399 2856 breviter
428 2801 459 2856 et
485 2816 586 2873 presse
615 2801 646 2856 et
682 2797 755 2861 satis
790 2798 893 2856 ornate
926 2800 957 2854 et
987 2797 1099 2873 perele-

88 2884 199 2958 ganter
228 2883 340 2943 diceret
368 2880 464 2946 ...2'
506 2886 541 2945 de
566 2889 640 2945 orat.
661 2888 689 2961 1,
710 2887 749 2945 39
775 2879 839 2944 ἶ..
865 2903 932 2943 oum
956 2883 990 2954 Q.
1013 2885 1099 2944 8111-

89 2971 160 3029 vola
264 2991 300 3031 ex
332 2973 443 3049 scripto
475 2977 724 3034 testamentorum
758 2974 826 3032 iura
852 2973 1024 3033 defenderet
1050 2993 1100 3032 ne·

89 3062 252 3137 garetque,
280 3061 338 3120 nisi
365 3067 522 3138 postumus
550 3067 581 3122 et
608 3067 697 3122 natus
725 3067 756 3120 et
778 3064 940 3138 antequam
962 3061 994 3120 in
1017 3079 1102 3120 suam

89 3149 222 3207 tutelam
245 3149 384 3224 venisset,
407 3155 545 3211 mortuus
568 3155 655 3228 esset,
678 3151 817 3210 heredem
836 3168 907 3209 eum
924 3167 988 3208 1111
1006 3167 1101 3227 posse,

91 3237 147 3313 qui
167 3240 246 3297 esset
265 3239 429 3298 secundum
447 3243 620 3316 postumum
638 3243 669 3299 et
686 3241 791 3299 natum
806 3244 837 3298 et
849 3240 1003 3297 mortuum
1016 3239 1102 3298 heres

90 3321 274 3386 institutus.'
297 3328 336 3387 ib.
354 3332 381 3407 1,
397 3331 436 3388 57
458 3323 476 3387 ³.
490 3374 514 3390 ..
532 3329 584 3388 ille
602 3328 719 3387 Mucius
738 3327 855 3403 paterni
873 3327 947 3385 iuris
966 3326 1103 3386 defensor

92 3416 125 3473 et
144 3415 231 3490 quasi
250 3417 424 3492 patrimonii
441 3420 647 3494 propugnator
666 3417 723 3497 sui,
741 3417 816 3496 quid
829 3416 868 3476 'm
879 3413 1053 3476 ’11111111
1068 3459 1076 3470 .
1091 3455 1099 3468 .
1116 3457 1122 3467 .

91 3503 208 3580 attulit,
233 3505 310 3579 quod
334 3505 370 3565 de
390 3506 456 3569 iure
475 3507 559 3572 civili
579 3509 803 3591 depromptum
817 3502 1005 3573 utereturi
1047 3512 1153 3574 qum

135 3609 228 3658 Ῑηήψι.
244 3613 363 3658 anteeant.
378 3618 432 3662 reli.
446 3621 484 3666 ed.
501 3624 607 3671 Bremen.
918 3612 940 3660 ³¹
