2422 3840
369 148 393 198 1.
417 142 447 196 P.
462 141 627 197 ALFENUS
645 141 765 197 VARUS
1005 139 1070 205 303

66 307 160 386 esset,
183 308 220 368 ut
241 305 336 368 heres
355 305 389 369 in
407 305 518 369 funere
538 305 647 369 autin
666 308 872 370 monumento
894 302 1073 368 ‘dumtaxat

64 391 227 457 eentum'¹
256 398 473 477 consumeret,
499 415 565 458 non
589 394 667 458 lieet
690 395 795 457 minus
819 414 1017 475 consumere,
1045 393 1073 457 si

65 483 205 566 amplius
229 478 337 560 vellet,
360 482 449 565 lieet,
472 503 574 566 neque
598 483 639 547 ob
664 504 735 546 eam
757 503 826 546 rem
845 487 958 545 eontra
975 484 1074 546 testa·

63 575 208 635 mentum
232 570 336 634 faeere
360 570 493 636 ridetur.

153 678 206 742 37.
233 675 272 741 D.
286 676 339 759 35,
356 677 383 756 1,
396 677 448 741 27.
485 675 621 741 Alfenus
640 675 748 741 Varus
771 676 855 741 libro
879 676 993 760 quinto
1017 674 1095 744 Di·.

63 769 229 851 gestorum
253 764 301 851 (P.
322 763 405 852 21¹³).
450 764 488 829 In
534 769 712 830 estamento
736 765 865 848 quidam
889 764 1071 848 scripserat,

62 858 99 918 ut
126 855 188 918 sibi
212 859 454 919 monumentum
479 854 519 918 ad
543 855 722 938 exemplum
746 854 827 937 eius,
855 853 939 936 quod
962 855 995 916 in
1018 853 1071 918 via

62 941 188 1007 Salaria
224 947 309 1007 esset
339 940 447 1007 Publii
479 941 627 1026 Septimii
661 941 831 1025 Demetrii,
867 942 969 1026 fieret3
1007 941 1071 1005 nisi

62 1031 184 1096 factum
208 1035 306 1115 esset,
328 1032 462 1095 heredes
486 1052 606 1116 magna
628 1031 764 1115 pecunia
787 1031 951 1094 multaret.
997 1052 1069 1094 eum

61 1118 95 1183 id
119 1124 361 1184 monumentum
380 1120 489 1185 Publii
508 1119 656 1204 Septimii
674 1119 832 1184 Demetrii
854 1120 978 1183 nullum
1001 1140 1070 1201 rep·

62 1208 259 1291 perlabatur,
288 1208 342 1273 sed
365 1208 473 1274 Publii
497 1207 644 1294 Septimii
668 1208 791 1273 Damae
814 1212 897 1290 erat,
920 1207 960 1272 ad
983 1208 1069 1292 quod

63 1297 244 1382 exemplum
273 1297 499 1382 suspicabatur
522 1319 595 1362 enm
618 1298 672 1382 qui
694 1301 926 1362 testamentum
949 1295 1071 1360 fecerat

62 1390 305 1450 monumentum
333 1386 395 1450 sibi
421 1386 492 1450 fieri
519 1386 672 1466 voluisse,
701 1386 899 1469 quaerebant
927 1384 1068 1469 heredeS,

62 1474 241 1540 cuiusmodi
264 1479 509 1539 monumentum
532 1497 565 1539 se
588 1475 694 1540 faeere
719 1477 885 1559 oporteret
907 1477 952 1556 et,
976 1475 1003 1537 si
1026 1474 1068 1539 ob

62 1584 133 1626 eam
163 1586 231 1627 rem
262 1565 388 1628 nullum
421 1567 665 1628 monumentum
698 1563 862 1648 fecissent,
894 1562 969 1646 quia
1001 1585 1068 1628 non

61 1653 276 1736 repperirent,
302 1653 341 1717 ad
365 1652 449 1737 quod
475 1652 656 1736 exemplum
678 1651 836 1735 facerent,
863 1672 940 1715 num
963 1673 1069 1734 poena

61 1744 256 1805 tenerentur.
306 1741 485 1826 respondit,
513 1740 540 1805 si
567 1741 821 1825 intellegeretur,
848 1740 933 1824 quod
955 1762 1068 1805 monn·

61 1834 206 1894 mentum
243 1830 463 1893 demonstrare
500 1827 656 1894 voluisset
690 1829 719 1892 is
752 1829 808 1912 qui
838 1832 1067 1893 testamentum

60 1917 199 2002 fecisset,
224 1918 356 1981 tametsi
379 1918 412 1981 in
433 1917 592 2000 scriptura
610 1917 761 1982 mendum
781 1921 876 2001 esset,
898 1920 1008 1981 tamen
1027 1918 1067 1981 ad

59 2005 102 2090 id,
126 2007 209 2089 quod
232 2006 287 2070 ille
311 2027 345 2069 se
369 2005 587 2070 demonstrare
611 2006 717 2070 animo
743 2005 904 2088 sensisset,
926 2005 997 2070 fieri
1016 2006 1067 2069 de·
1182 2077 1184 2079 .

59 2095 148 2176 bere3
181 2096 231 2157 sin
263 2097 371 2158 autem
404 2094 553 2159 voluntas
584 2095 652 2159 eius
680 2095 897 2179 ignoraretur,
929 2115 1066 2177 poenam

59 2182 189 2265 quidem
202 2182 327 2246 nullam
341 2184 407 2248 vim
421 2182 549 2267 habere,
564 2183 717 2267 quoniam
732 2182 772 2248 ad
785 2181 870 2266 quod
884 2181 1067 2267 exemplum

58 2271 129 2357 fieri
148 2270 304 2352 iussisset,
322 2271 356 2335 id
374 2294 533 2356 nusquam
553 2276 688 2358 extaret,
701 2274 943 2337 monumentum
957 2274 1067 2336 tamen

59 2359 244 2425 omnimodo
277 2361 450 2425 seeundum
483 2360 701 2426 substantiam
733 2364 766 2424 et
795 2359 986 2445 dignitatem
1015 2359 1067 2423 de·

58 2448 160 2513 functi
184 2452 345 2513 exstruere
369 2448 492 2514 debere.

147 2578 183 2637 ef.
208 2577 306 2638 Servii
328 2597 470 2655 responsa
494 2581 522 2639 6.

472 2817 580 2876 Liber
603 2816 649 2877 V?

373 2941 417 2996 De
434 2942 592 2997 hereditatis
604 2943 745 3011 petitione.

145 3060 196 3124 38.
224 3058 263 3123 D.
283 3058 317 3143 b,
336 3060 378 3140 4,
390 3060 419 3124 9.
461 3059 579 3124 Paulus
609 3060 692 3124 libro
721 3059 826 3125 tertio‘
848 3060 1063 3144 epitomarnm

55 3148 164 3212 Alfeni
191 3147 400 3233 Digestorum
428 3145 477 3233 (P.
500 3148 569 3234 48).
618 3146 700 3214 Cum
733 3147 828 3213 multi
855 3148 988 3213 heredes
1015 3147 1062 3212 in-

55 3237 164 3301 stituti
186 3240 306 3320 essent,
334 3259 372 3300 ex
395 3237 446 3302 his
469 3259 551 3303 unus
573 3236 609 3302 in
632 3235 711 3302 Asia
735 3240 814 3302 erat.
859 3237 926 3302 eius
950 3258 1063 3321 procu·

53 3330 143 3390 rator
174 3326 395 3391 venditionem
426 3325 505 3390 feeit
531 3332 565 3391 et
591 3327 760 3410 pecuniam
788 3348 844 3409 pro
873 3328 966 3410 parte
994 3325 1063 3391 eius

127 3515 140 3562 1
165 3509 239 3565 Trib.
260 3525 358 3564 aureos
377 3511 497 3564 eentum.
