2422 3840
399 181 423 232 1.
446 176 476 228 Ρ.
492 175 658 230 ALFENUS
677 174 798 230 VARUS
1040 173 1104 238 317

440 334 484 389 De
501 336 597 388 insula
616 337 758 390 conducta.

186 428 236 493 83.
265 427 304 491 D.
321 427 371 509 19,
386 426 416 510 2,
431 426 482 490 30.
518 424 609 489 Idem
633 423 798 514 (Alfenus)
820 426 905 490 libro
929 426 1025 489 tertio
1050 425 1105 490 Di·

97 521 263 602 gestorum
287 538 307 578 a
330 514 431 579 Paulo
455 514 707 597 epitomatorum
730 513 779 600 (P.
798 515 842 579 54
855 513 927 599 pr).
972 511 1034 589 Qui
1056 515 1106 578 in-

98 607 204 670 sulam
226 603 362 688 triginta
385 602 591 685 conduxerat,
614 603 744 687 singula
762 603 934 668 caenacula
955 603 1003 667 ita
1023 603 1106 667 loca·

98 695 158 776 vit,
184 696 221 756 ut
248 691 462 777 quadraginta
487 713 526 755 ex
550 691 699 755 omnibus
722 691 961 774 colligerentur.
1006 690 1106 755 domi·

97 805 159 846 nus
187 781 327 862 insulae,
354 780 430 864 quia
453 779 600 844 aedificia
627 780 742 844 vitium
770 780 875 845 facere
898 780 1031 863 diceret,
1054 780 1107 844 de-

98 870 247 935 molierat
282 891 362 934 eam.
417 869 598 952 quaesitum
632 872 693 950 est,
725 869 838 953 quanti
870 869 911 933 lis
944 868 1107 933 aestimari
1148 897 1151 904 ·

99 961 238 1040 deberet,
258 959 286 1022 si
304 959 332 1021 is
351 956 407 1041 qui
424 961 528 1022 totam
547 957 744 1022 conduxerat
762 979 800 1022 ex
817 959 973 1023 conducto
989 960 1107 1041 ageret

98 1048 279 1131 respondit,
304 1047 333 1110 si
355 1047 503 1110 vitiatum
527 1045 706 1110 aedificium
729 1047 912 1111 necessario
936 1044 1106 1110 demolitus

99 1139 200 1219 esset,
226 1158 285 1220 pro
313 1135 475 1220 portione,
503 1135 617 1219 quanti
644 1136 793 1200 dominus
823 1135 1028 1220 praediorum
1059 1133 1107 1199 lo·

99 1231 204 1290 oassct
231 1223 309 1308 <et>
338 1224 423 1308 quod
451 1223 520 1286 eius
548 1225 703 1308 temporis
730 1224 932 1288 habitatores
958 1222 1107 1287 habitare

98 1336 164 1378 non
182 1315 375 1399 potuissent,
393 1312 553 1376 rationem
572 1312 645 1376 duci
664 1316 697 1376 et
714 1313 799 1377 tanti
818 1313 909 1377 litem
929 1311 1107 1396 aestimari,

99 1403 148 1466 sin
168 1405 277 1466 cutem
295 1423 361 1466 non
379 1401 494 1464 fuisset
506 1423 637 1466 necesse
652 1401 807 1484 demoliri,
826 1401 881 1466 sed
900 1401 976 1485 quia
991 1401 1106 1464 melius

99 1491 267 1556 aedificare
299 1490 409 1570 vellet,
441 1489 474 1552 id
500 1489 643 1572 fecisset,
676 1491 789 1574 quanti
822 1488 1026 1555 conductoris
1059 1489 1107 1552 in·

98 1583 247 1662 teresset,
274 1579 476 1643 habitatores
505 1600 546 1642 ne
573 1579 766 1662 migrarent,
793 1580 877 1643 tanti
900 1577 1106 1644 condemnari

98 1673 256 1753 oportere.

187 1772 223 1830 cf.
247 1769 343 1829 Servii
364 1787 508 1846 responsa
533 1771 605 1829 118.

437 1920 481 1974 De
499 1921 603 1974 balneis
620 1921 771 1974 conductis.

189 2023 240 2087 84.
268 2020 306 2084 D.
328 2020 368 2085 19
374 2070 383 2105 ,
402 2021 437 2102 2,
456 2019 512 2102 30,
532 2019 561 2083 1.
600 2017 690 2085 Idem
713 2016 883 2107 (Alfenus).
902 2021 985 2085 libro
1009 2021 1106 2086 tertio

100 2110 311 2195 Digestorum
335 2132 354 2174 a
375 2107 477 2174 Paulo
501 2111 750 2192 epitomatorum
775 2107 822 2192 (P.
837 2108 889 2194 54,
904 2108 948 2194 1).
985 2105 1107 2173 Aedilis

101 2201 135 2262 in
163 2198 336 2283 municipio
360 2198 491 2262 balneas
515 2198 725 2282 conduxerat,
756 2204 793 2262 ut
820 2218 858 2262 eo
893 2219 977 2262 anno
1005 2199 1108 2262 muni·
1163 2217 1165 2222 ·

101 2287 188 2371 cipes
221 2287 321 2371 gratis
353 2287 551 2351 lavarentur.
600 2290 676 2370 post
707 2292 774 2352 tres
805 2308 932 2351 menses
959 2285 1107 2351 incendio

101 2377 188 2441 facto
211 2375 377 2460 respondit
399 2397 494 2459 posse
514 2375 569 2460 agi
587 2397 659 2440 cum
678 2375 865 2441 balneatore
884 2397 923 2440 ex
942 2375 1109 2458 conducto,

101 2469 137 2529 ut
164 2487 223 2549 pro
251 2465 400 2548 portione
428 2465 597 2548 temporis,
625 2486 689 2548 quo
712 2466 907 2530 lavationem
930 2486 995 2529 non
1018 2485 1108 2548 prae·

102 2555 254 2636 stitisset,
276 2553 430 2637 pecuniae
453 2553 650 2618 contributio
673 2553 774 2619 fieret.

448 2710 492 2764 Dc
509 2711 592 2764 mulie
609 2711 759 2766 conductis.

190 2810 242 2875 85.
270 2808 308 2872 D.
328 2809 385 2892 19,
404 2811 438 2893 2,
457 2811 514 2893 30,
533 2811 564 2874 2.
600 2809 690 2874 Idem
713 2807 881 2896 (Alfenus)
904 2810 988 2874 libro
1011 2810 1108 2874 tertio

102 2898 311 2983 Digestorum
345 2920 364 2962 a
390 2896 494 2962 Paulo
526 2898 776 2982 epitomatorum
804 2895 853 2984 (P.
876 2897 933 2982 54,
951 2896 997 2984 2).
1048 2896 1109 2973 Qui

24 3073 27 3076 ‚
103 2989 208 3051 mulas
236 2987 276 3051 ad
302 2991 423 3051 certum
447 2986 573 3071 pondus
598 2987 704 3051 oneris
726 2987 863 3071 locaret,
892 3009 964 3052 cum
988 2987 1109 3050 maiore

102 3098 198 3140 onere
227 3075 400 3140 conductor
428 3097 483 3139 eas
510 3076 666 3160 rupisset,
694 3075 882 3140 consulebat
908 3076 947 3140 de
975 3075 1109 3140 actione.

101 3165 269 3248 respondit
300 3165 351 3229 vel
383 3163 455 3248 lege
481 3162 615 3249 Aquilia
643 3165 693 3229 val
724 3185 763 3228 cx
790 3164 897 3229 locato
924 3167 1010 3229 recte
1037 3185 1109 3227 eum
1169 3189 1172 3198 ·

102 3274 207 3338 agere,
230 3254 286 3318 sed
307 3253 379 3338 lege
401 3250 534 3337 Aquilia
556 3256 683 3317 tantum
707 3274 780 3317 curn
799 3275 836 3317 eo
855 3253 909 3336 agi
928 3273 1032 3336 posse,
1056 3253 1110 3335 qui

101 3346 172 3406 tum
201 3342 305 3406 mulas
334 3341 506 3426 agitasset,
540 3363 579 3406 ex
610 3342 715 3407 locato
750 3341 847 3407 etiam
883 3341 910 3405 si
945 3341 1027 3405 alius
1055 3362 1109 3404 eas

102 3430 257 3513 rupisset,
281 3453 353 3495 cum
377 3430 571 3495 conductore
594 3434 680 3495 recte
704 3430 767 3516 agi.

190 3534 227 3592 cf.
251 3532 349 3593 Servii
371 3552 513 3611 responsa
538 3536 611 3595 136.
