2422 3840
130 151 195 216 376
226 150 299 208 VIII.
315 151 450 208 OCTAVI
463 151 560 208 SAEC.
571 152 668 208 Ioula
683 150 854 210 CONSULT.
865 149 989 208 saulus
1003 152 1142 208 raama

131 323 269 398 scriptae,
307 321 444 400 Krueger
461 342 489 397 p.
506 322 547 380 67
567 340 595 379 n.
612 323 660 380 71.
696 320 749 380 sed
767 321 842 380 bene
861 321 1010 380 dIctorum
1028 321 1144 380 librum

130 412 251 489 regulas
284 410 431 487 quasdam
467 413 498 470 41
534 407 722 469 (14141110444
758 410 890 469 14441144
925 413 956 470 41
988 410 1147 469 commode

49 536 53 546 .
131 499 227 560 dictas
258 499 448 575 proposuisse
479 498 560 558 haud
587 497 774 572 crediderim,
808 517 876 558 cum
904 498 1013 557 titulus
1041 499 1145 575 potius

130 589 244 648 urbane
273 589 352 648 dicta
378 580 570 668 (bonmots')
598 586 755 664 significet.
802 591 936 647 ceterum
958 586 1147 663 Pomponius

130 695 278 754 nusquam
310 676 422 736 diserte
453 677 545 736 libros
577 675 683 734 laudat
713 675 773 735 nisi
804 676 843 735 ad
872 675 920 734 ius
947 677 1144 752 pertinentes.
1184 757 1190 773 .

71 816 73 820 ,
131 767 169 826 ef.
193 763 234 841 aa
254 768 283 825 4.
309 768 337 827 r.
361 767 413 825 36.
437 767 488 825 44.
512 767 563 825 44.
586 767 638 823 44.
661 766 714 824 44.
737 767 788 824 44.
812 767 863 824 40.
889 765 940 824 44.

342 1155 382 1238 5.
420 1160 457 1233 C.
487 1159 755 1233 TREBATIUS
785 1159 938 1234 Tusrl

222 1323 336 1399 Veliae,
354 1325 389 1382 ut
407 1321 535 1394 videtur,
553 1325 652 1397 natus,
671 1321 703 1392 Q.
724 1320 855 1382 Cornelii
873 1322 996 1381 Maximi
1015 1323 1148 1401 auditor,

133 1413 274 1472 tribunus
297 1409 436 1489 militum,
460 1429 485 1470 4.
507 1405 623 1490 700s54
646 1410 725 1470 Iulio
744 1409 865 1471 Caesari
888 1412 920 1469 in
944 1409 1046 1472 Callia
1069 1431 1147 1486 com⁴

134 1501 266 1560 moranti
289 1520 306 1558 a
329 1498 470 1559 Cicerone
494 1500 726 1560 commendatus.
802 1553 804 1558 .

224 1589 370 1667 Litteras,
399 1606 473 1666 quas
496 1586 600 1647 Cicero
626 1589 675 1648 441
698 1588 735 1647 ad
759 1587 916 1648 Caesarem
939 1587 975 1647 de
1004 1589 1147 1649 Trebatio

135 1678 185 1738 441
214 1677 252 1737 ad
278 1677 378 1754 ipsum
401 1676 575 1736 Trebatium
598 1696 624 1736 4.
646 1669 783 1756 700154,
815 1672 938 1756 701153
964 1679 994 1736 41
1019 1673 1147 1753 710s44

136 1766 267 1842 scripsit
296 1767 352 1826 hoc
379 1766 444 1825 loco
471 1766 560 1825 4411
547 1769 628 1825 01414
655 1767 703 1826 441
730 1766 842 1842 partim
866 1771 1001 1844 repetere
1025 1785 1086 1825 uon
1110 1767 1147 1825 ab

135 1874 168 1914 re
197 1873 260 1915 4444
288 1855 418 1915 videtur.
466 1854 610 1930 temporIs
638 1855 785 1914 rationem
813 1858 931 1914 secutus
959 1865 1027 1913 sum
1055 1874 1148 1932 quam

136 1942 170 2004 0.
190 1942 220 2003 C.
241 1942 377 2003 Schmidt
364 1944 435 2002 tin
462 1942 495 2003 L.
514 1943 746 2003 Mendelssohnii
774 1942 903 2070 editione
927 1936 1023 2022 (lips.
1045 1936 1148 2024 1893)

134 2053 162 2109 p.
183 2034 246 2093 449
258 2051 319 2110 sqq
342 2030 506 2109 proposuit.
866 2075 867 2078 ,
1146 2083 1148 2088 .

552 2174 580 2214 a.
599 2149 728 2234 700s54:

227 2267 254 2331 1.
287 2264 399 2332 Cicero
423 2263 554 2332 Caesari
576 2263 653 2348 imp.
677 2288 702 2330 s.
725 2267 809 2330 (1.-
831 2265 913 2331 Vide
941 2288 1039 2350 quam
1065 2267 1148 2331 mihi

136 2355 353 2441 persuaserim
371 2359 403 2418 14
423 2376 473 2419 me
493 2375 564 2418 esse
582 2355 719 2419 alterum
737 2376 804 2420 non
822 2355 918 2420 modo
933 2354 967 2426 in
982 2354 1027 2419 414
1042 2355 1150 2438 rebus,

138 2465 219 2528 quae
247 2443 287 2507 ad
316 2465 366 2508 me
393 2443 513 2526 ipsum,
541 2442 719 2507 sedetiam
744 2444 777 2507 in
801 2443 861 2526 eis,
888 2465 970 2527 quae
993 2443 1033 2507 ad
1056 2465 1148 2509 meos

136 2532 310 2617 pertinent
343 2530 377 2598 C.
391 2530 579 2596 Trebatium
594 2532 782 2616 cogitaram,
801 2554 1000 2615 quocumque
1015 2532 1149 2617 exirem,

138 2642 262 2685 mecum
290 2621 418 2703 ducere,
445 2623 482 2683 ut
506 2642 577 2686 eum
601 2621 680 2685 meis
705 2621 853 2686 omnibus
878 2621 1006 2703 studiis,
1031 2623 1150 2687 benefi-

138 2709 196 2773 ciis
216 2730 313 2792 quam
332 2708 575 2774 ornatissimum
599 2708 729 2773 domum
753 2709 943 2774 reducerem.
981 2709 1037 2773 sed
1058 2713 1150 2794 post-

138 2819 274 2881 ecquam
299 2800 331 2861 et
353 2796 500 2880 Pompeii
520 2799 728 2862 commoratio
752 2798 932 2882 diuturnior
955 2801 1024 2862 4441
1050 2820 1150 2880 quam

138 2891 303 2970 putaram,
332 2888 364 2950 et
393 2907 465 2950 mea
493 2886 650 2971 quaedam
677 2887 737 2951 tibi
762 2909 828 2951 non
850 2888 963 2971 ignota
986 2886 1152 2953 dubitatio

139 2977 195 3039 aut
223 2973 379 3058 impedire
408 2974 640 3060 profectionem
664 2996 768 3039 meam
791 2975 960 3041 videbatur
983 2980 1040 3039 aut
1062 2981 1151 3041 04414

138 3064 279 3146 tardare,
312 3061 384 3127 vide
415 3063 492 3148 quid
524 3063 604 3128 mihi
637 3065 842 3146 sumpserim:
874 3064 965 3146 coepi
997 3064 1080 3129 44114
1113 3087 1152 3131 44

138 3152 327 3218 Trebatium
351 3157 536 3238 exspectare
561 3156 644 3237 414,
667 3174 749 3236 quae
774 3157 935 3236 sperasset
960 3174 980 3216 a
1002 3173 1068 3236 me,
1097 3176 1153 3218 ne-

140 3263 201 3325 que
225 3242 405 3306 mehercule
428 3242 534 3306 minus
559 3240 589 3304 41
610 3241 734 3325 prolixe
758 3241 796 3305 de
814 3245 872 3305 tua
890 3241 1059 3306 voluntate
1079 3265 1153 3327 pro·

141 3330 227 3413 misi,
248 3351 344 3414 quam
367 3351 455 3394 eram
480 3330 595 3394 solitus
619 3331 657 3394 de
679 3352 752 3394 mea
772 3330 924 3413 polliceri.
961 3352 1054 3394 casus
1073 3347 1157 3398 vero*

142 3418 296 3483 mirificus
328 3419 457 3502 quidam
480 3418 657 3492 intervenit
680 3420 772 3503 quasi
794 3419 846 3482 441
869 3418 964 3483 144114
988 3419 1154 3503 opinionis

131 3527 228 3570 meae
263 3507 313 3573 441
347 3528 487 3593 sponsor
516 3507 730 3572 humanitatis
757 3511 841 3572 tuae.
895 3530 970 3572 nam
1003 3530 1078 3573 cum
1114 3511 1155 3577 de
