2422 3840
267 166 290 217 7.
316 161 347 227 Q.
366 161 501 218 nucius
520 161 550 217 P.
569 163 600 217 F.
618 162 648 216 P.
668 163 702 219 N.
722 162 911 219 sclavum
1050 164 1090 227 51

172 329 205 400 Q.
233 330 366 390 Mucium
400 330 491 389 etiam
525 330 600 390 iuris
632 331 776 407 pontificii
806 331 898 392 libros
929 333 1093 409 scripsisse,

80 418 162 496 quod
185 419 279 478 Lenel
306 419 345 477 ad
372 418 403 488 Q.
427 418 558 477 Mucium
574 419 613 477 51
635 422 735 494 putat,
758 439 855 497 neque
876 420 1023 480 traditum
1047 426 1093 482 est

78 527 177 585 neque
201 527 238 567 ex
260 507 306 584 111,
329 519 405 583 quae
423 507 541 567 Mucius
560 507 596 566 de
617 508 682 566 iure
702 527 785 567 sacro
804 509 912 569 dixisse
932 510 981 570 vel
999 511 1091 587 scrip-

79 597 156 656 sisse
180 597 291 674 fertur,
317 596 454 656 concludi
477 599 591 671 potest:
619 599 729 656 etenim
752 597 825 656 iuris
850 598 927 656 sacri
949 599 1092 659 instituta

79 703 150 744 cum
181 685 247 744 iure
279 685 360 744 civili
389 685 434 744 111
461 685 619 744 coniuncta
647 688 746 761 erant,
778 689 814 745 111
840 686 971 746 Mucium
999 707 1034 747 ea
1060 689 1092 746 in

78 773 155 834 iuris
178 774 274 834 civilis
298 773 383 833 libris
407 773 570 849 explicasse
592 774 755 834 verisimile
779 775 825 834 sit.

172 861 258 931 Quod
281 862 319 922 ad
345 881 407 939 res,
435 881 510 938 quae
538 863 654 922 Mucius
681 866 806 941 tractat,
834 864 957 942 attinet,
984 883 1092 941 operae

78 951 213 1028 pretium
235 955 283 1011 est
305 969 434 1026 monere,
458 969 607 1026 nusquam
629 956 816 1012 mercaturae
840 955 870 1011 et
893 956 1092 1013 mercatorum

79 1042 263 1100 mentionem
289 1039 368 1117 fieri,
395 1040 447 1099 sed
474 1040 639 1115 principem
667 1040 766 1100 locum
796 1061 858 1101 rem
888 1043 1031 1101 rusticam
1061 1046 1092 1102 et

78 1128 304 1189 matrimonium
338 1130 481 1188 obtinere.
534 1130 637 1206 itaque
670 1130 706 1188 de
739 1149 811 1208 agro
842 1130 963 1191 colendo
994 1134 1025 1190 11
1055 1132 1091 1191 de

79 1237 171 1294 opere
206 1218 285 1294 quod
319 1219 386 1295 agri
417 1218 532 1277 colendi
564 1236 655 1276 causa
684 1222 784 1278 aratro
816 1219 931 1278 factum
963 1222 1022 1295 est,
1055 1220 1092 1279 de

79 1308 170 1367 fossis
194 1325 335 1384 agrorum
355 1307 557 1366 siccandorum
577 1325 667 1366 causa
685 1307 782 1384 factis,
806 1307 841 1366 de
859 1308 967 1367 itinere
986 1327 1091 1387 aquae,

79 1396 117 1456 de
146 1395 343 1455 servitutibus
370 1395 561 1471 praediorum
588 1395 782 1471 rusticorum,
815 1396 851 1454 (11
874 1397 990 1456 familia
1012 1417 1091 1473 quae

80 1504 156 1561 opus
180 1485 253 1543 facit
274 1484 324 1544 vel
346 1502 405 1543 non
429 1484 510 1561 facit,
533 1484 569 1542 de
592 1488 731 1560 putatore
751 1485 873 1562 arboris,
896 1487 931 1545 de
951 1504 1090 1565 agasone,

79 1573 117 1633 (11
141 1573 229 1651 bove,
258 1572 294 1632 de
318 1591 407 1649 equa,
436 1571 472 1630 de
496 1574 601 1646 ariete,
626 1574 662 1631 de
685 1574 778 1632 fundo
801 1574 915 1651 legato,
940 1575 976 1634 de
998 1575 1091 1651 lignis

79 1663 200 1739 legatis,
222 1681 298 1737 quaa
322 1662 354 1719 in
376 1661 468 1720 fundo
490 1664 568 1736 sunt,
592 1661 628 1721 de
647 1663 796 1738 emptione
815 1663 986 1723 venditione
1005 1664 1091 1722 fundi

78 1750 130 1812 vel
161 1751 302 1810 arborum
334 1749 539 1826 similibusque
572 1749 607 1808 de
638 1750 728 1809 rebus
761 1751 873 1827 ubique
907 1771 1003 1812 sermo
1036 1758 1089 1812 est.

79 1857 175 1917 aeque
199 1839 235 1898 de
258 1838 447 1898 matrimonio
471 1842 502 1897 at
525 1840 560 1897 de
584 1839 692 1914 legatis
711 1840 798 1897 uxori
816 1839 938 1916 relictis,
962 1839 1091 1917 denique

78 1929 116 1988 de
141 1929 243 2005 pueris
265 1931 297 1986 et
318 1926 428 2004 puellis
451 1928 499 1985 vel
517 1926 553 1984 de
571 1927 686 2001 pupillo
706 1932 737 1985 et
754 1927 871 2002 pupilla
889 1932 921 1986 et
939 1928 975 1986 de
994 1930 1090 1987 tutela

77 2018 192 2096 agitur.
232 2017 268 2076 ‹le
290 2018 419 2093 utraque
441 2035 473 2074 re
498 2015 677 2074 sententiam
696 2015 841 2075 habemus
858 2016 916 2076 viri
935 2016 1090 2094 ingenium

77 2107 248 2166 ostendens.
289 2105 331 2163 sic
355 2105 434 2164 enim
457 2097 575 2162 ‘debere
597 2123 686 2180 quem
703 2104 857 2162 meliorem
876 2123 982 2180 agrum
1002 2123 1090 2164 suum

77 2188 191 2255 faeere’
200 2200 310 2270 monet,
325 2187 373 2252 ‘ne
386 2188 476 2252 ricini
491 2192 670 2253 deteriorem
683 2187 786 2251 faeiat'
796 2186 847 2272 (D.
858 2194 909 2268 39,
921 2194 950 2269 3,
961 2197 989 2270 1,
1000 2185 1045 2273 4),
1060 2199 1090 2252 11

76 2301 168 2360 posse
185 2283 351 2358 mulierem,
369 2282 417 2340 cui
433 2283 538 2341 domus
552 2288 624 2340 u'sus
638 2281 756 2359 legatus
771 2281 821 2357 sit,
840 2275 882 2340 ‘et
896 2300 965 2340 eum
978 2282 1087 2342 marito

76 2373 285 2447 habitatque
309 2371 337 2429 ei
359 2370 548 2430 matrimonio
571 2371 731 2429 carendum
752 2370 838 2446 foret,
861 2388 929 2429 cum
947 2371 996 2429 uti
1013 2370 1089 2432 velit

78 2455 182 2523 domo'
202 2454 251 2538 (D.
273 2462 301 2536 1,
317 2461 345 2535 8,
359 2462 388 2532 4,
405 2451 447 2539 1).
489 2462 603 2518 ceteras
621 2477 678 2531 res,
701 2459 837 2535 inprimis
854 2460 1090 2537 negotiationem

79 2555 112 2612 et
136 2554 347 2619 mercaturam,
377 2548 462 2623 quasi
486 2548 599 2608 civibus
621 2546 759 2624 indignas
782 2547 903 2607 videtur
924 2548 1089 2626 reliquisse.

168 2638 235 2697 Iam
263 2637 453 2713 scriptorum,
486 2636 593 2711 quibus
620 2637 711 2695 Mucii
744 2636 909 2695 sententiae
939 2638 1089 2714 verbaque

78 2729 242 2803 debentur,
264 2725 335 2783 libri
358 2724 531 2784 recensendi
555 2729 633 2784 sunt.

169 2815 305 2886 Quatnor
322 2813 391 2874 illos
405 2813 496 2873 Mucii
515 2815 667 2873 auditores
685 2813 778 2872 libros
797 2814 833 2871 de
852 2813 917 2873 iure
937 2814 1089 2889 scripsisse

77 2904 261 2982 Pomponius
284 2899 303 2976 ἓ
323 2905 363 2961 42
392 2902 499 2978 tradit3
528 2903 571 2962 ait
597 2902 689 2960 enim:
718 2895 821 2961 ‘Mucii
850 2903 1002 2962 auditores
1024 2904 1089 2962 fue·

77 2999 151 3055 runt
268 3010 304 3050 ex
334 2991 442 3068 quibus
470 2990 592 3049 Gallum
618 2992 763 3049 maximae
792 2991 980 3051 auctoritatis
1009 2992 1090 3066 apud

77 3083 225 3162 populum
252 3080 343 3140 fuisse
372 3079 493 3138 Servius
521 3078 607 3157 dicit,
635 3097 736 3138 omnes
765 3083 864 3138 tamen
889 3080 921 3138 hi
944 3098 961 3137 a
985 3079 1088 3140 Servio

79 3171 215 3249 Sulpicio
242 3168 447 3228 nominentur:
476 3167 608 3243 alioquin
635 3187 688 3243 per
713 3186 745 3227 se
769 3186 870 3227 eorum
894 3168 1008 3242 scripta
1030 3188 1089 3227 non

78 3261 155 3322 talia
178 3260 295 3324 extant,
318 3260 354 3315 ut
377 3276 412 3317 ea
435 3275 537 3316 omnes
560 3260 717 3334 appetent,
741 3255 868 3332 denique
891 3275 945 3314 nec
967 3275 1089 3316 versan-

78 3353 131 3411 tur
150 3347 270 3409 omnino
290 3346 401 3421 scripta
424 3364 526 3405 eorum
546 3346 749 3404 intermunus
770 3346 932 3422 hominnm,
952 3347 1003 3403 sed
1023 3344 1089 3404 Ser-

78 3439 147 3499 vius
161 3431 244 3516 (iis)
252 3435 345 3494 libros
360 3452 430 3494 suos
444 3434 612 3512 complevit,
626 3452 680 3511 pro
695 3433 783 3494 euius
796 3433 1114 3511 seriptura'nqsorum

80 3543 199 3606 queque
229 3522 371 3584 memoria
401 3517 554 3588 liabetur?
611 3526 695 3589 mira
722 3527 806 3589 liaeo
838 3523 1007 3596 11111111,
1036 3530 1143 3589 quam

876 3623 916 3678 4*
