2422 3840
391 173 413 221 1.
437 166 467 222 P.
481 166 649 221 ALFENUS
668 166 787 220 VARUS
1028 164 1093 228 283

78 334 243 411 pecuniam
267 353 354 394 suam
377 335 594 410 consumpsisse
618 327 669 415 (D.
691 337 742 412 11,
758 337 786 410 3,
803 326 859 410 16)
879 334 1005 410 aliaque.
1047 353 1094 393 ac·

80 423 177 500 cedit,
199 423 278 500 quod
301 442 359 482 uno
383 426 500 482 tantum
524 442 666 499 responso
690 423 726 481 de
750 423 858 498 legatis
876 423 966 482 rebus
986 423 1093 498 agitur,

78 531 156 572 cum
188 510 284 571 Servii
320 514 462 587 responsa
498 512 533 571 de
570 512 678 590 legetis
711 511 782 569 deta
813 512 943 586 plurima
974 511 1094 570 fuerint.
1122 505 1127 514 '

79 595 683 677 01801110119-53(ρ.170-184).
724 600 852 659 fortasse
875 617 934 658 nen
958 618 1028 658 00011
1051 599 1094 673 fit,

79 690 168 766 quod
185 707 362 764 responsum
380 689 456 747 illud
474 689 510 747 de
528 691 617 748 rebus
636 689 744 765 legatis
763 689 801 747 ad
818 687 966 762 mancipia
982 688 1095 747 urbana

77 778 237 854 pertineat
260 769 308 858 (D.
325 780 376 849 32,
392 780 442 851 60,
458 770 499 856 1).

175 864 318 924 Alienum
353 883 496 941 responsa
534 885 588 925 sna
625 867 724 924 omnia
760 866 791 924 in
822 865 915 923 libros
949 865 1094 940 recepisse

77 955 281 1013 manifestum
305 956 364 1013 est:
387 974 447 1013 11011
470 954 549 1013 enim
571 954 631 1014 nisi
653 974 688 1013 ex
706 955 801 1030 ipsius
819 953 904 1012 libris
923 953 1094 1012 laudantur.

76 1043 179 1102 nihilo
202 1043 302 1102 minus
325 1062 360 1101 ea
383 1043 527 1102 hocloco
550 1062 715 1119 proponere
737 1044 836 1102 visum
859 1046 912 1101 est.

424 1212 469 1266 De
487 1213 582 1281 1090110
600 1213 753 1280 mancipiis.

176 1312 203 1376 1.
227 1311 265 1376 D.
279 1311 332 1393 32,
346 1312 397 1389 60,
414 1313 442 1377 1.
468 1312 604 1377 Alfenus
623 1314 706 1377 libro
727 1311 864 1376 secundo
883 1309 1092 1396 Digestorum

78 1422 102 1463 a
135 1398 237 1463 Paulo
274 1401 531 1482 epitomatorum.
587 1400 695 1466 Servis
732 1404 765 1464 01
801 1399 927 1464 ancillis
961 1400 1092 1464 urbanis
1183 1469 1185 1474 ,

78 1488 203 1572 legatis
231 1507 408 1572 agasonem
436 1490 610 1554 mulionem
639 1490 747 1574 legato
775 1511 841 1553 non
865 1489 1022 1553 contineri
1046 1510 1093 1552 re·

80 1575 216 1660 spondi:
249 1598 304 1641 000
332 1578 416 1642 enim
442 1578 530 1642 00100
558 1580 591 1642 in
623 1601 660 1643 eo
691 1599 825 1642 numero
855 1577 980 1660 haberi,
1011 1599 1092 1661 quos

79 1665 329 1749 paterfamilias
343 1667 462 1730 circum
478 1689 511 1729 se
525 1666 645 1750 ipsius¹
656 1668 705 1731 sui
720 1666 826 1731 cultus
842 1688 938 1730 causa
948 1666 1091 1730 haberet.

437 1841 480 1895 Dc
498 1842 558 1894 iure
576 1841 736 1894 vicinorum.

172 1940 202 2003 2.
230 1939 268 2004 D.
285 1941 314 2021 8,
329 1939 360 2022 5,
376 1942 425 2022 11,
440 1941 469 2004 2.
506 1940 642 2004 Alfenus
666 1940 750 2003 libro
775 1940 914 2003 secundo
940 1938 1089 2023 Digesto-

80 2051 164 2094 rum.
214 2026 393 2093 Secundum
427 2030 516 2093 cuius
543 2030 700 2112 parietem
728 2028 850 2091 vicinus
879 2027 1088 2092 sterculinum

80 2117 212 2201 1000101,
235 2139 273 2181 ex
296 2139 358 2199 quo
382 2117 489 2201 paries
513 2116 729 2198 madescebet,
753 2116 958 2199 consulebat,
982 2137 1091 2199 quem·-

82 2205 255 2269 edmodum
283 2212 394 2291 posset
420 2206 559 2270 vicinum
583 2226 709 2289 cogere,
738 2210 773 2268 ut
797 2204 1005 2268 sterculinum
1029 2203 1091 2267 tel-

81 2295 173 2358 leret.
223 2294 388 2378 respondi,
421 2295 447 2358 si
480 2295 515 2358 in
545 2295 616 2359 loco
644 2294 773 2378 publico
801 2292 833 2356 id
860 2293 1002 2375 10010001,
1034 2314 1092 2375 per

82 2382 293 2447 interdictum
316 2383 390 2466 cogi
412 2405 517 2467 posse,
540 2384 596 2448 sed
620 2385 646 2447 si
666 2383 701 2447 in
720 2383 854 2466 privato,
878 2381 917 2445 de
936 2382 1089 2445 servitute

81 2492 179 2556 agere
194 2470 322 2555 debere,
337 2473 364 2535 si
377 2471 487 2535 damni
500 2471 613 2536 infecti
628 2472 798 2556 stipulatus
814 2475 906 2552 esset,
921 2471 1025 2553 possit
1034 2492 1091 2553 per

83 2582 155 2624 eam
180 2559 432 2643 stipulationem,
455 2561 482 2624 si
506 2562 582 2644 quid
602 2583 639 2623 ex
659 2583 749 2623 0010
769 2559 832 2624 sibi
851 2559 959 2622 damni
979 2559 1089 2623 datum

82 2655 182 2730 esset,
205 2670 339 2713 servare.

437 2743 481 2797 De
497 2745 628 2811 petitione
644 2745 736 2810 famuli.

172 2844 201 2908 3.
231 2841 270 2906 D.
290 2843 323 2924 6,
346 2846 377 2923 1,
397 2841 448 2906 51.
491 2843 628 2907 Alfenus
651 2844 733 2906 libro
758 2847 848 2906 sexto
871 2841 1090 2927 Digestorum.

81 2932 114 2996 Is
143 2955 162 2996 a
190 2953 253 3016 quo
281 2930 400 2994 fundus
427 2932 547 3014 petitus
581 2935 650 2994 0101
680 2931 720 2994 ab
744 2931 808 2994 alio
833 2931 974 2994 eiusdem
997 2929 1090 2994 fundi

83 3021 215 3085 nomine
235 3024 411 3084 conventus
431 3025 488 3083 est.
522 3020 745 3104 quaerebatur,
765 3019 792 3082 si
812 3020 959 3082 alterutri
978 3040 1089 3082 eorum

83 3109 173 3173 iussu
201 3108 316 3172 iudicis
345 3107 478 3172 fundum
503 3109 699 3172 restituisset
722 3111 754 3170 et
775 3110 890 3190 postea
914 3107 1089 3170 secundum

83 3196 223 3262 alterum
247 3197 419 3279 petitorem
439 3218 490 3261 res
509 3197 712 3279 iudicaretur,
736 3194 1004 3278 quemadmodum
1023 3215 1089 3257 non

82 3286 202 3370 duplex
226 3285 379 3349 damnum
402 3285 557 3350 traheret.
602 3285 763 3368 respondi,
789 3287 861 3346 uter
882 3283 971 3365 prior
994 3281 1088 3345 iudex

81 3374 252 3456 iudicaret,
282 3395 354 3438 eum
384 3378 532 3457 oportere
560 3373 607 3438 110
634 3374 770 3437 fundum
797 3370 926 3456 petitori
960 3371 1088 3435 restitui

153 3536 168 3584 1
188 3529 237 3584 11.
255 3529 323 3599 ipse.
350 3503 355 3516 '
