2422 3840
317 128 341 179 8.
369 121 521 179 SERVIUS
541 123 725 180 SULPICIUS
744 125 862 181 RUFUS
1030 127 1092 190 147

103 309 166 366 penu
201 283 285 351 esse'
320 282 412 372 (0011.
434 292 469 369 4,
492 297 522 367 1,
537 283 604 373 20).
659 301 690 352 31
728 293 864 352 Servium
900 314 959 353 non
996 298 1095 356 omnia

101 383 248 458 unguenta
272 379 491 455 comprehensis
514 380 607 440 etiarn
628 382 738 456 quibus
760 382 895 440 luxuriae
919 401 1010 443 33333
1029 389 1094 445 ute·

99 468 208 547 bantur,
240 467 293 527 sed
325 471 439 528 certum
470 471 590 528 tantum
617 471 763 548 unguenti
790 489 884 547 genus
910 474 1015 547 penori
1041 475 1092 532 31-

96 557 227 617 tribuisse
246 575 301 633 pro
320 559 403 616 certo
420 557 492 616 licet
509 557 657 634 statuere,
680 559 712 617 id
729 577 800 619 vero
819 577 913 635 genus
932 579 991 620 non
1010 562 1093 621 aliud

93 644 177 705 luisse
198 646 276 722 puto
296 664 387 721 quam
403 645 509 705 Italico
528 647 594 706 oleo
613 649 645 706 et
661 647 776 707 Italicis
795 648 895 708 herbis
915 650 1109 716 confectum.¹
1188 696 1191 701 .

92 735 122 794 cf.
143 733 324 812 Marquardt
341 733 400 792 VII
421 754 449 809 p.
469 736 532 793 427
557 737 589 794 31
614 737 685 795 763.

173 822 270 892 Quam
291 822 437 882 rationem
458 822 579 883 Servius
597 823 629 881 in
648 823 843 883 diiudicandis
862 825 952 884 rebus
971 831 1091 887 secutus

87 911 136 989 sit,
165 912 227 970 3113
254 910 390 987 exempla
417 911 585 973 ostendunt.
636 913 743 970 silvam
771 914 912 971 caeduam
939 934 997 974 non
1024 933 1090 974 cum
1174 938 1177 946 ³

85 1000 152 1059 31113
175 1018 242 1059 eum
266 998 406 1071 definivit
430 1018 506 1077 quae
529 1001 562 1058 in
584 1000 640 1059 hoo
663 1001 832 1079 haberetur,
856 1004 891 1060 ut
910 1003 1091 1082 caederetur,

84 1088 135 1148 sed
166 1088 269 1165 potius
301 1105 380 1163 eam,
413 1081 505 1164 ‘quae
538 1089 653 1147 succisa
684 1108 789 1148 rursus
821 1110 856 1148 ex
889 1091 1033 1166 stirpibus
1061 1096 1092 1152 et

81 1176 234 1236 radicibus
270 1169 455 1236 renascitur'
491 1168 540 1257 (D.
565 1180 621 1254 51,
642 1180 696 1253 16,
718 1179 759 1238 30
770 1171 834 1257 pn).
892 1178 995 1238 deinde
1032 1200 1092 1240 uon

82 1269 189 1325 contra
205 1268 347 1324 natmam
361 1265 513 1324 societatis
529 1284 592 1325 esse
607 1267 798 1343 existimavit,
817 1268 841 1326 31
856 1268 922 1343 quis
937 1262 1091 1328 ‘maiorem

80 1357 199 1431 partem
224 1353 372 1430 lucretur,
400 1354 542 1412 minorem
568 1355 669 1413 damni
690 1349 848 1431 praestet'3
877 1356 966 1416 immo
990 1359 1090 1432 potius

80 1443 126 1502 ita
158 1461 276 1521 quoque
306 1441 480 1501 societatem
508 1442 582 1502 coiri
608 1462 695 1518 posse
723 1443 810 1520 dixit,
842 1438 893 1508 ‘ut
920 1447 987 1520 quis
1014 1446 1090 1506 nihil

80 1532 204 1591 omnino
225 1531 327 1590 damni
349 1533 491 1606 praestet,
514 1530 567 1590 sed
588 1527 665 1589 lueri
686 1535 802 1607 partem
824 1533 933 1609 capiat,
957 1535 1088 1596 simodo

79 1638 175 1696 opera
200 1620 265 1696 eius
292 1623 354 1677 tam
382 1619 514 1695 pretiosa
538 1619 691 1696 uideatur,
722 1624 757 1679 nt
785 1639 912 1699 aequum
941 1623 993 1694 sit,
1022 1644 1089 1682 eum

80 1726 152 1768 cum
177 1709 234 1767 hac
255 1707 393 1783 pactione
416 1708 449 1767 in
471 1707 645 1767 societatem
668 1703 798 1768 admitti'
823 1702 866 1790 (J.
888 1713 917 1786 3,
937 1714 986 1784 25,
1007 1715 1025 1770 2
1047 1739 1088 1762 --
1192 1749 1195 1754 1

80 1797 148 1857 Gai.
168 1787 304 1876 3‚149).

170 1884 289 1944 Primus
316 1903 417 1943 rerum
443 1883 691 1962 negotiorumque
716 1888 856 1943 naturam
881 1885 1002 1947 Servius
1026 1889 1090 1947 dili-

79 1976 200 2053 genter
215 1973 369 2050 explorare
394 1972 523 2033 studuit:
550 1973 652 2050 itaque
680 1974 716 2031 de
744 1992 845 2031 rerum
872 1974 968 2051 uitiis,
997 1976 1031 2034 de
1057 1998 1089 2036 re

79 2061 240 2138 principali
270 2064 301 2120 et
333 2063 370 2120 de
402 2062 581 2140 accessione,
615 2062 650 2120 de
680 2061 823 2136 temporis
851 2065 881 2120 et
909 2063 1089 2125 condicionis

79 2152 212 2225 ratione,
241 2151 277 2208 de
306 2150 386 2226 dolo,
414 2151 503 2226 eulpa
529 2154 560 2209 et
582 2169 694 2225 errore,
721 2151 757 2209 13
781 2150 811 2209 vi
835 2151 881 2208 eui
906 2151 1005 2210 resisti
1029 2172 1088 2212 non

79 2243 183 2317 potest
214 2237 422 2316 similibusque
454 2239 570 2298 statuit.
620 2239 712 2298 verba
741 2237 796 2296 illa
824 2257 901 2314 quae
928 2239 1030 2299 Cicero
1058 2242 1090 2300 in

78 2329 157 2389 libro
186 2327 223 2387 dc
250 2327 366 2405 legibus
388 2327 524 2387 Atticum
548 2328 622 2386 facit
645 2327 791 2386 dicentem
815 2321 986 2408 (1,5‚17):
1015 2323 1085 2389 ‘non

79 2436 151 2493 ergo
180 2434 200 2475 3
225 2415 372 2492 praetoris
401 2416 498 2476 edicto
527 2461 560 2475 ..
586 2435 682 2493 neque
710 2435 728 2474 3
755 2415 812 2474 XII
839 2417 952 2476 tabulis
978 2464 1010 2477 ..
1035 2419 1087 2478 sed

78 2504 228 2582 penitus
255 2523 296 2563 ex
322 2504 451 2564 intima
476 2504 710 2580 philosophia
734 2505 970 2564 hauriendam
991 2506 1085 2566 iuris

79 2592 314 2669 disciplinam
331 2586 442 2669 putas’,
462 2591 558 2653 Servii
573 2593 720 2652 rationem
737 2593 882 2653 indicant:
901 2613 971 2653 nam
989 2595 1085 2670 philo·

78 2684 245 2759 sophorum
272 2701 353 2742 more
377 2680 499 2741 Servius
526 2682 716 2758 negotiorum
739 2681 887 2741 elementa
910 2687 941 2742 31
962 2684 1085 2744 investi·

77 2772 166 2847 gavit
193 2773 225 2830 et
249 2769 396 2844 exhibuit,
422 2770 467 2828 ita
489 2773 524 2828 ut
547 2769 682 2830 hodierni
704 2772 848 2846 temporis
870 2771 945 2830 iuris
969 2774 1086 2831 consul-

77 2864 180 2920 torum
212 2859 375 2918 consimilis
406 2859 521 2934 primus
554 2858 707 2918 habendus
738 2859 787 2918 sit.
837 2860 889 2918 sed
921 2879 939 2918 3
964 2864 1087 2936 patrum

77 2947 295 3008 consuetudine
321 2966 381 3007 non
408 2947 547 3006 descivit:
575 2966 756 3024 quamquam
782 2946 963 3007 Graecorum
989 2949 1085 3024 philo·

77 3037 186 3114 sophia
203 3034 338 3094 imbutus
356 3040 456 3095 tamen
475 3033 587 3094 Graeco
608 3054 741 3094 sermone
760 3055 921 3111 nunquam,
940 3042 1085 3112 quantum

77 3126 204 3198 scimus,
232 3142 306 3183 3333
333 3127 387 3183 331
435 3124 495 3181 vim
523 3123 619 3199 illam,
647 3123 696 3182 cui
723 3125 824 3183 resisti
851 3125 966 3200 nequit,
995 3143 1085 3200 quem

76 3213 174 3274 (13133
201 3231 269 3272 cum
292 3211 411 3272 Graecis
439 3215 513 3272 θεοῦ
539 3211 609 3290 βίαν
636 3212 769 3270 nominat
792 3205 843 3290 (D.
864 3214 914 3286 19,
930 3215 958 3286 2,
973 3214 1024 3289 25,
1040 3203 1083 3292 2),

75 3304 142 3380 ipse
164 3302 259 3361 latino
277 3301 395 3360 nomine
414 3301 475 3359 vim
493 3301 624 3360 divinem
642 3300 775 3375 appellat
793 3292 842 3378 (D.
863 3300 913 3377 39,
929 3302 957 3376 2,
973 3301 1023 3377 24,
1040 3297 1082 3380 2).

45 3447 48 3451 .
167 3390 331 3450 Auditores
350 3388 471 3448 Servius
494 3389 602 3448 habuit
619 3387 769 3463 plurimos.
807 3386 987 3463 Pomponius
1006 3389 1082 3462 §44

76 3478 194 3539 scribit:
233 3472 287 3538 ‘ab
314 3479 369 3537 hoc
395 3478 517 3554 plurimi
550 3477 739 3552 profecerunt
766 3520 799 3535 ..
826 3475 955 3536 Alfenus
983 3475 1082 3538 Varus

823 3576 879 3633 to·
