2422 3840
96 149 161 216 104
192 149 241 207 IV.
256 148 402 205 SEPTIMI
417 146 516 204 SAEO.
525 148 623 204 IURIS
638 147 811 204 conabar.
823 147 947 203 SERIES
961 146 1113 204 ALTERA

94 319 166 379 libri
194 318 372 397 fragmentis
394 317 488 381 Muoii
511 317 607 377 oratio
634 335 696 377 non
725 317 822 395 magis
846 320 965 377 servata
987 317 1115 377 videtur

95 428 187 486 quam
208 408 241 466 in
262 408 325 467 illis
347 424 425 482 quae
443 407 525 482 apud
543 406 740 482 Pomponium
758 406 897 484 legimus.
935 403 1114 486 demolibor

55 509 56 512 ’
95 498 127 556 in
159 496 269 557 scholis
300 515 378 556 nova
416 495 559 555 orationis
591 496 689 555 forma
720 494 844 554 indutus
875 494 998 556 videtur
1031 513 1114 572 essa;

94 605 165 644 nam
197 605 234 646 aa
264 604 355 663 quam
386 584 544 661 habemns,
576 582 707 644 Cervidii
736 584 896 644 Scaevolae
927 583 1053 643 diotioni
1081 584 1114 642 in

96 676 280 752 Regularum
302 674 388 733 libris
411 692 471 733 non
495 673 649 732 dissimilis
672 675 731 750 est,
756 691 823 732 cnm
846 673 929 732 haud
952 673 1114 733 conveniat

94 764 251 823 Mucianae
275 762 405 823 orationi
427 762 508 837 apud
531 761 663 821 Gellium
686 764 831 822 servatae.

187 851 264 921 Quid
292 851 329 910 de
355 869 457 910 rerum
490 851 592 910 ordine
619 849 811 910 iudicandum
839 851 892 929 sit,
921 850 974 927 qui
1000 851 1038 909 D.
1060 854 1113 928 50,

99 944 148 1019 17,
168 943 209 1002 73
233 940 397 1016 reperitur,
419 939 576 998 nescimus.

188 1045 218 1107 1.
240 1041 281 1108 D.
302 1041 359 1123 50,
389 1041 444 1123 17,
469 1041 524 1125 73,
554 1042 581 1105 1.
632 1040 772 1116 Quintus
799 1037 925 1106 Mucius
955 1039 1116 1106 Scaevola

100 1133 185 1198 libro
209 1090 364 1215 singulari
386 1090 484 1212 dodra.
525 1127 630 1194 Nemo
654 1132 764 1212 potest
785 1132 928 1193 tutorem
949 1128 1025 1193 dare
1046 1132 1114 1194 oui·

98 1244 196 1306 quarn
222 1220 287 1283 nisi
316 1219 358 1303 ei,
391 1239 486 1301 quem
512 1217 547 1281 in
578 1218 644 1282 suis
671 1217 844 1282 heredibus
872 1240 945 1283 oum
972 1219 1116 1284 moritur

97 1309 213 1375 habuit
199 1307 329 1372 thabit
316 1312 445 1371 turusve
470 1310 571 1389 asset,
595 1307 622 1370 si
647 1306 789 1372 vixisset.

186 1395 320 1462 aluid.
340 1396 370 1460 3.
407 1395 533 1471 Quae
524 1417 559 1459 m
586 1398 783 1459 testamento
811 1395 858 1459 ita
882 1399 959 1460 sunt
982 1397 1115 1480 scripta,

98 1491 135 1551 ut
162 1485 311 1569 intellegi
337 1505 403 1548 non
431 1483 571 1567 possint,
604 1483 737 1568 perinde
766 1488 842 1549 sunt
868 1505 905 1549 ao
933 1485 961 1548 si
989 1485 1116 1570 scripta

99 1597 165 1640 non
189 1577 311 1639 essent.-

187 1663 217 1728 3.
249 1661 330 1727 Ibid.
357 1683 404 1744 pr.
442 1659 513 1736 Quo
546 1662 649 1725 tutela
681 1660 779 1743 redit,
812 1682 849 1724 eo
883 1664 916 1726 et
947 1661 1114 1728 hereditas

99 1751 261 1836 pervenit,
282 1750 346 1815 nisi
369 1772 442 1815 eum
466 1750 604 1814 feminae
628 1748 762 1814 heredes
785 1749 1000 1820 intercedunt.

187 1840 218 1904 4.
240 1839 280 1906 D.
298 1840 340 1902 41
347 1889 356 1923 ,
377 1841 409 1923 1,
429 1839 481 1903 64.
528 1838 667 1915 Quintus
690 1838 816 1923 Mucius
841 1836 997 1904 Scaevola
1025 1840 1115 1906 libro

99 1929 258 2014 singulari
286 1927 383 2011 ὅρων.
430 1927 519 2004 Quae
547 1929 682 2012 quisque
711 1927 816 1991 aliena
842 1928 878 1991 in
905 1949 1037 1993 censum
1063 1930 1116 1993 de-

101 2019 203 2098 ducit,
226 2017 329 2082 nihilo
354 2018 457 2102 magis
482 2016 550 2080 eius
573 2017 662 2080 fiunt.

189 2106 219 2173 5.
242 2105 281 2171 D.
299 2107 356 2187 43,
379 2106 435 2188 20,
460 2107 489 2170 8.
532 2103 688 2170 Scaevola
714 2104 798 2169 libro
826 2104 986 2188 singulari
1014 2106 1116 2190 ὅρων.

100 2193 160 2261 Oui
183 2193 325 2280 (ouiusl)
349 2216 406 2278 per
428 2193 564 2259 fundum
587 2193 651 2257 iter
675 2215 776 2277 aquae
797 2193 939 2278 debetur,
961 2216 1115 2278 quaeum·

101 2307 162 2370 que
185 2285 256 2350 vult
273 2284 307 2346 in
331 2304 368 2346 eo
392 2282 498 2346 rivum
521 2282 597 2346 licet
619 2281 728 2365 faeiat,
752 2281 827 2346 dum
849 2303 890 2346 ne
913 2305 1016 2367 aquae
1038 2283 1116 2350 due·

100 2379 170 2439 turn
195 2373 428 2437 interverteret.

189 2461 218 2524 6.
252 2460 290 2523 D.
314 2458 370 2539 50,
393 2460 448 2542 17,
468 2459 523 2543 73,
546 2459 576 2522 2.
629 2458 767 2535 Quintus
799 2458 924 2524 Mucius
958 2458 1116 2527 Scaevola

100 2550 185 2613 libro
209 2547 369 2632 singulari
392 2546 490 2630 ὅρων.
532 2546 576 2612 Vi
598 2547 720 2612 factum
743 2547 777 2611 id
800 2548 1025 2634 videturesse,
1050 2573 1116 2635 qua

18 2661 20 2666 ·
101 2639 139 2702 de
168 2658 202 2700 re
230 2636 302 2720 quis
328 2657 400 2700 oum
419 2636 610 2721 prohibetur
633 2635 723 2720 fecit,
747 2637 844 2720 elam,
867 2636 954 2721 quod
977 2640 1115 2724 quisque

101 2748 174 2791 eum
212 2723 310 2810 (quod
348 2726 420 2809 quis
458 2726 540 2790 olam
573 2747 610 2788 eo
644 2722 819 2809 quoeuml)
858 2729 1115 2793 controversiam

16 2875 18 2879 ,
100 2815 236 2879 haberet
258 2813 469 2878 habiturusve
494 2836 527 2877 se
550 2818 694 2897 putaret,
717 2814 803 2880 feeit.

192 2903 220 2966 7.
244 2901 283 2967 D.
297 2902 350 2987 50,
371 2904 421 2988 16,
440 2903 514 2967 241.
552 2902 689 2977 Quintus
708 2902 834 2967 Mucius
854 2901 1012 2968 Scaevola
1030 2905 1115 2971 libro

102 2991 261 3074 singulari
288 2990 388 3075 ὅρων.
432 2991 471 3055 Ιιι
499 2992 581 3055 rutis
610 2991 712 3056 eaesis
741 3009 779 3056 ea
802 2995 893 3075 sunt,
920 3013 1002 3076 quae
1026 2996 1117 3058 terra

102 3102 167 3161 non
199 3084 351 3146 tenentur
378 3101 522 3164 quaeque
551 3101 646 3164 opere
675 3081 816 3145 structili
843 3080 1021 3146 tectoriove
1049 3105 1116 3148 non

104 3171 319 3234 eontinentur.

192 3259 222 3323 8.
254 3257 292 3322 D.
317 3258 375 3338 50,
406 3259 438 3341 7,
467 3259 524 3342 13,
552 3257 582 3321 4.
628 3257 767 3333 Quintus
801 3257 926 3323 Mucius
960 3256 1117 3325 Scaevola

103 3346 187 3411 libro
216 3346 374 3430 singulari
401 3346 497 3429 ὅρων.
543 3344 612 3410 Neo
639 3348 828 3430 paciscendo
857 3369 916 3412 nee
940 3347 1046 3433 legem
1071 3350 1115 3413 di-

102 3436 202 3500 oendo
235 3457 294 3499 nee
325 3436 508 3518 stipulando
536 3436 706 3519 quisquam
736 3435 830 3499 alteri
858 3458 970 3500 cavere
998 3441 1117 3520 potest.
