2422 3840
30 198 32 204 Α
101 157 164 222 138
201 158 247 213 vr.
273 156 405 213 ocravr
424 154 522 211 erac.
540 155 636 210 roais
657 154 828 210 consone,
848 153 973 208 sanias
993 155 1112 210 parur

98 321 278 386 dicerentur
312 320 397 384 bella
429 320 538 402 aliquo
571 318 650 395 ritu,
687 318 737 383 ius
770 317 811 382 ab
845 302 981 403 antiqua
1014 322 1112 403 gente

99 409 300 493 Aequiculis,
342 407 425 493 quod
466 429 552 472 nunc
592 406 718 470 fetiales
759 405 898 488 habent,
939 407 1111 492 descripsit

100 497 223 581 (Ancus
246 492 413 583 Marcius),
436 519 499 581 quo
523 517 573 559 res
597 499 794 580 repetuntur.

187 607 231 670 cf.
254 607 355 667 Cicero
383 608 418 667 de
442 626 504 683 rep.
528 609 562 682 2,
583 608 632 682 17,
653 608 702 666 31.
728 636 769 648 -
793 598 929 687 (Tullus)
953 609 1111 668 constituit

98 700 152 776 ine,
172 716 230 776 qne
250 698 331 757 bella
349 697 559 772 indicerentur,
577 695 657 772 quod
676 738 701 754 ..
721 696 820 753 sanxit
837 695 936 754 fetiali
954 697 1110 772 religione,
1128 698 1130 705 ’

95 792 133 846 ut
151 805 236 846 omne
256 786 377 865 bellum,
396 785 475 862 quod
494 783 703 844 denuntiatum
721 783 926 860 indictumque
944 803 1005 844 non
1021 789 1109 858 esset,

97 876 128 934 id
151 876 296 934 iniustum
320 893 384 934 esse
408 878 498 950 atque
521 873 647 949 impium
669 872 861 932 iudicaretur.

448 1016 504 1087 [De
522 1017 620 1084 opimis
637 1015 752 1097 spoliis]

153 1119 156 1125 ’
186 1119 255 1185 20².
280 1117 443 1182 Plutarch.
457 1115 555 1181 Marc.
572 1117 601 1179 8.
624 1151 661 1162 -
683 1119 797 1198 φασίν,
816 1115 852 1180 ἐν
871 1127 941 1190 τοῖς
959 1115 1109 1201 ὑπομνή-

98 1227 176 1292 μασι
198 1211 319 1290 Νομᾶν
337 1209 527 1288 Πομπίλιον
550 1203 604 1268 καὶ
627 1206 765 1288 πρώτων
789 1204 932 1288 ὀπιμίων
954 1204 1010 1270 καλ
1034 1209 1108 1270 δευ-

96 1296 202 1380 τέρων
226 1295 279 1360 καὶ
300 1298 420 1375 τρίτων
438 1293 670 1377 μνημονεύειν,
692 1294 732 1357 τὰ
752 1288 812 1374 μὲν
831 1305 943 1376 πρῶτα
962 1294 1108 1378 ληφθέν-

96 1411 150 1451 ται
168 1394 212 1470 τῷ
234 1386 401 1471 Φερετρίῳ
420 1381 479 1446 Διὶ
498 1383 676 1446 κελεύοντα
694 1388 886 1466 καθιεροῦν,
909 1384 949 1446 τὰ
969 1384 1108 1469 δεύτερα

97 1471 134 1540 dt
160 1483 205 1559 spi
221 1471 327 1557 Ἄρεϊ,
355 1472 394 1534 τά
422 1468 459 1535 di
484 1473 576 1551 τρίτα
599 1480 644 1557 τῷ
671 1475 819 1558 Κυρίνῳ
847 1469 902 1535 καὶ
925 1473 1108 1555 λαμβάνειν

97 1562 208 1646 γέρας,
241 1561 382 1642 ἀσσάρια
414 1562 585 1642 τριακόσια
617 1562 675 1623 τὸν
702 1571 848 1642 πρῶτον,
880 1563 938 1625 τὸν
967 1557 1004 1625 δὲ
1035 1563 1108 1627 deri·

95 1675 193 1735 τερον
217 1652 382 1733 διακόσια,
405 1651 463 1713 τὸν
487 1645 523 1712 dl
546 1651 658 1730 τρίτον
682 1645 807 1713 ἑκατόν.

184 1737 257 1804 2ολο
286 1738 374 1804 Serv.
392 1739 427 1802 in
449 1738 543 1822 Verg.
563 1741 643 1801 Aen.
663 1738 692 1818 6,
711 1737 784 1802 860.
810 1772 848 1783 —
873 1741 973 1802 tertia
997 1740 1107 1823 opima

97 1830 202 1913 spolia
217 1827 392 1912 suspendet
406 1827 493 1912 patri
510 1828 530 1890 i.
546 1848 572 1890 e.
585 1825 656 1890 Iovi
670 1873 696 1889 ..
711 1848 891 1911 possumus,
911 1830 942 1890 et
957 1828 1043 1911 quod
1058 1831 1107 1893 est

95 1919 221 2000 melius,
244 1917 418 1983 secundum
441 1917 546 2000 legem
566 1913 690 1978 Numae
714 1915 799 1978 hune
822 1916 928 1979 locum
951 1917 1108 2000 accipere,

96 2009 151 2093 qui
174 2005 339 2090 praecepit
358 2006 464 2089 prima
483 2005 593 2087 opima
613 2003 718 2088 spolia
737 2002 807 2067 Iovi
826 2003 969 2068 Feretrio
990 2004 1105 2071 debere

97 2096 261 2181 suspendi,
290 2095 375 2181 quod
403 2096 467 2157 iam
491 2093 648 2156 Romulus
671 2091 804 2173 feceret,
835 2091 975 2157 secunda
998 2093 1106 2177 Marti,

96 2186 180 2269 quod
201 2183 321 2250 Oossus
340 2183 427 2265 fecit,
450 2183 547 2245 tertia
566 2181 706 2262 Quirine,
726 2181 811 2264 quod
831 2181 906 2246 feeit
924 2181 1105 2248 Marcellus.

183 2296 226 2356 Of.
245 2297 325 2354 Fest.
347 2296 408 2353 189
438 2311 460 2351 a.
480 2312 507 2351 v.
532 2291 638 2367 opima.
663 2323 704 2333 -
728 2292 766 2352 M.
781 2291 879 2351 Varro
907 2293 963 2367 ait,
988 2338 1017 2352 ..
1041 2313 1105 2354 esse

95 2387 186 2446 etiarn
204 2383 333 2459 Pompili
351 2382 430 2458 regis
449 2382 547 2456 legem
566 2425 572 2439 .
589 2428 594 2441 .
613 2382 719 2441 talem:
744 2374 840 2440 ‘cuius
859 2382 992 2457 auspicio
1012 2383 1106 2443 classe

93 2475 247 2551 procincta
279 2471 379 2547 opima
414 2470 510 2546 spolia
541 2470 714 2544 capiuntur,
747 2470 813 2530 Iovi
845 2471 966 2530 feretrio
999 2471 1107 2532 bovem

94 2562 223 2637 caedito,
251 2560 302 2636 qui
330 2558 422 2634 cepit,
455 2559 532 2618 aeris
556 2557 627 2619 000
656 2559 754 2618 darier
782 2561 927 2635 oporteat.
975 2560 1107 2620 secunda

96 2650 198 2726 spolia,
221 2649 253 2708 in
270 2648 376 2706 Martis
395 2666 479 2707 aram
497 2646 528 2705 in
547 2666 651 2723 eampo
671 2647 859 2724 solitaurilia,
878 2652 948 2706 utra
966 2649 1106 2728 voluerit,

95 2737 211 2798 caedito
240 2733 307 2815 [qui
334 2736 426 2814 cepit,
454 2735 532 2796 aeris
556 2735 603 2796 00
627 2733 720 2812 dete}
766 2737 856 2796 tertia
880 2737 989 2816 spolia,
1018 2739 1107 2797 Ianui

95 2826 218 2898 Quirino
237 2845 349 2904 agnum
366 2844 480 2885 marem
498 2825 628 2900 caedit03
647 2823 741 2901 Oqui
760 2825 872 2900 ceperit
891 2845 926 2884 ex
941 2844 1010 2886 aere
1026 2826 1107 2887 dato.

94 2915 179 2975 cuius
203 2915 333 2991 auspicio
357 2918 457 2990 capta,
481 2913 527 2974 dis
549 2914 702 2990 piaculum
726 2906 817 2972 dato'

358 3057 473 3128 [Incerti
492 3058 645 3126 αιρακιαιίί
662 3056 838 3126 fraumenta]

183 3159 234 3223 21.
254 3158 339 3222 Fest.
351 3158 379 3222 6.
399 3193 443 3204 —
463 3159 563 3220 aliuta
578 3155 702 3238 antiqui
717 3155 866 3218 dicebant
881 3178 939 3238 pro
956 3157 1051 3222 aliter
1066 3184 1114 3243 ..3¹

94 3249 169 3312 hine
189 3252 239 3311 est
257 3247 335 3310 illud
355 3247 388 3309 in
409 3246 534 3328 legibus
554 3245 678 3309 Numae
699 3244 848 3327 Pompili:
873 3244 912 3308 ‘si
933 3248 1104 3332 quisquam

94 3338 195 3400 aliuta
217 3336 313 3416 faxit,
337 3338 425 3418 ipsos
448 3333 518 3398 Iovi
542 3355 631 3396 sacer
656 3331 746 3397 esto'.

182 3426 233 3488 22.
263 3424 347 3489 Fest.
367 3423 441 3488 230.
464 3459 508 3469 -
532 3422 681 3486 adicitur:
709 3422 748 3486 ‘si
770 3445 880 3506 nurus,
904 3443 996 3487 saara
1020 3424 1104 3489 divis

85 3520 262 3603 parentum
288 3511 389 3575 estod'
413 3512 447 3575 in
471 3511 561 3575 Servi
585 3510 680 3575 Tulli.
