2422 3840
340 181 355 251 ’,
371 272 374 277 1
397 201 419 252 l.
442 195 473 250 P.
488 195 657 250 ALFENUS
672 196 793 250 venus
1034 198 1099 262 325

92 358 258 443 respondit
285 380 392 422 rerum
410 359 599 427 'locatarum
627 358 688 422 duo
718 379 836 444 genera
864 381 949 440 esse,
978 366 1014 424 ut
1044 366 1100 426 aut

92 449 176 513 idem
196 448 388 526 redderetur,
411 448 505 512 sicuti
524 468 595 512 oum
614 448 805 512 vestimenta
824 448 940 513 fulloni
959 450 1100 523 curanda

12 586 13 589 ¹
92 539 286 621 locarentur,
309 541 365 600 aut
382 537 523 600 eiusdem
543 536 670 620 generis
690 535 885 621 redderetur,
906 537 1008 602 veluti
1028 560 1099 602 sum

92 631 261 712 argentum
293 626 477 710 pusulatum
507 624 599 690 fabro
635 625 779 708 daretur,
811 630 854 690 ut.
874 647 951 691 vasa
978 627 1101 709 fierent,

92 721 149 780 aut
175 737 301 798 aurum,
328 720 365 779 ut
389 713 489 778 anuli:
517 736 555 778 011
579 715 745 796 superiore
768 737 865 779 causa
887 737 955 778 rem
979 716 1101 780 domini

91 826 234 886 manere,
265 826 303 868 011
335 803 513 887 posteriore
545 803 579 867 in
609 803 767 869 creditum
799 804 849 869 iri.
904 803 989 868 idem
1021 805 1100 869 iuris

93 916 163 958 esse
192 895 227 957 in
254 892 413 977 deposito:
444 915 520 956 nam
544 892 572 956 si
600 893 672 977 quis
699 893 870 976 pecuniam
896 896 1099 958 numeratam

92 984 139 1045 ita
166 982 380 1067 deposuisset,
411 986 449 1046 ut
478 1002 583 1066 neque
613 981 736 1046 clusam
764 987 865 1065 neque
893 982 1099 1067 obsignatam

26 1137 28 1140 Α
92 1071 247 1155 traderet,
281 1069 336 1135 sed
369 1071 605 1154 adnumeraret,
641 1070 723 1134 nihil
759 1070 847 1135 aliud
879 1093 952 1135 eum
984 1071 1100 1135 debere

93 1161 178 1243 apud
210 1182 305 1244 quem
338 1161 485 1244 deposita
517 1163 601 1224 esset
632 1159 695 1224 nisi
726 1160 916 1225 tantundem
947 1161 1100 1245 pecuniae

94 1250 225 1313 solvere.
263 1249 437 1314 secundum
456 1270 537 1333 quae
556 1248 655 1312 videri
674 1248 817 1313 triticum
837 1247 961 1314 fectum
976 1247 1099 1314 Saufeii

94 1342 125 1401 et
149 1343 233 1402 recte
257 1339 376 1403 datum.
422 1337 508 1423 quod
532 1338 560 1402 si
584 1339 759 1421 separatim
782 1337 905 1402 tabulis
928 1342 985 1402 aut
1007 1339 1099 1403 hero-

92 1427 187 1490 nibus
211 1431 268 1491 aut
289 1428 326 1491 in
346 1427 411 1492 alia
434 1449 517 1510 cupa
539 1428 663 1491 clusum
686 1425 936 1511 uniuscuiusque
956 1426 1100 1493 triticum

93 1516 226 1598 fuisset,¹
246 1516 294 1580 ita
321 1520 358 1580 ut
386 1516 560 1580 internosci
587 1518 699 1598 posset
727 1514 801 1599 quid
828 1515 982 1599 cuiusque
1006 1520 1101 1602 esset,

93 1626 157 1667 non
180 1606 325 1688 potuisse
347 1603 495 1669 auotom¹
519 1604 792 1687 permutationem
814 1604 929 1689 facere,
952 1605 1007 1669 sed
1031 1610 1101 1670 tum

93 1715 188 1777 posse
213 1715 285 1757 eum
309 1694 400 1758 cuius
424 1693 538 1756 fuisset
560 1693 704 1756 triticum
728 1693 814 1777 quod
832 1697 933 1758 nauta
951 1694 1101 1758 solvisset

94 1782 263 1846 vindicare.
297 1785 328 1844 et
343 1781 416 1846 ideo
437 1802 470 1844 se
489 1780 672 1864 improbare
691 1781 834 1846 actiones
853 1783 962 1848 oneris
981 1783 1099 1847 aversi:

93 1872 168 1953 quis
201 1871 268 1933 sive
301 1871 368 1934 eius
401 1869 529 1953 generis
561 1873 670 1934 essent
701 1890 837 1950 merces,
870 1892 951 1956 quse
982 1877 1100 1935 nautae

91 1959 308 2036 traderentur,
337 1962 374 2023 ut
403 1959 556 2023 continuo
584 1958 652 2022 eius
680 1959 794 2024 fierent
821 1962 854 2023 et
882 1963 1041 2024 mercator
1067 1961 1100 2024 in
1146 1999 1148 2003 <

92 2047 247 2110 creditum
267 2048 337 2130 iret,
356 2069 422 2112 non
441 2046 603 2112 rideretur
621 2069 701 2112 onus
720 2065 790 2112 esse
809 2069 967 2131 aversum,
981 2048 1100 2133 quippe

92 2135 177 2219 quod
209 2139 327 2199 nautae
359 2136 487 2201 fuissetz
520 2137 586 2202 sive
619 2136 731 2201 eedem
762 2159 828 2220 res,
866 2158 947 2222 quae
979 2137 1100 2202 tradite

93 2228 191 2308 esset,
219 2223 308 2288 reddi
337 2225 480 2303 deberet,
510 2225 589 2290 furti
619 2247 689 2290 esse
716 2226 878 2290 actionem
904 2227 1041 2290 locatori
1067 2230 1101 2290 et

91 2315 162 2378 ideo
197 2335 429 2397 supervacuum
462 2336 532 2379 esse
564 2314 717 2379 iudicium
745 2315 851 2379 oneris
880 2316 993 2379 aversi.
1044 2313 1100 2379 sed

93 2404 121 2466 si
148 2399 199 2466 ita
223 2401 333 2467 datum
357 2406 456 2485 esset,
484 2408 519 2467 ut
545 2404 579 2469 in
603 2403 701 2468 simili
724 2424 758 2466 re
782 2404 866 2468 solvi
888 2405 1002 2488 possit,
1025 2425 1100 2469 con-

92 2492 255 2556 ductorem
283 2492 412 2575 eulpam
439 2491 608 2557 dumtaxat
633 2492 762 2576 debere,
786 2513 862 2557 nem
886 2494 920 2556 in
943 2514 990 2576 re,
1019 2514 1100 2578 quae

92 2582 259 2666 utriusque
287 2603 383 2645 causa
410 2582 669 2665 contraheretur,
696 2583 824 2665 culpam
848 2581 971 2664 deberi,
996 2603 1100 2666 neque

93 2669 279 2734 omnimodo
303 2669 431 2753 culpam
455 2691 539 2753 esse,
568 2670 652 2754 quod
676 2671 733 2734 uni
756 2671 948 2736 reddidisset
973 2691 1011 2734 ex
1033 2671 1101 2735 fru-

92 2762 216 2842 mento,
245 2759 397 2842 quoniam
425 2758 521 2822 alicui
548 2760 687 2843 primum
717 2759 849 2823 reddere
873 2782 946 2824 eum
968 2781 1100 2824 necesse

92 2847 221 2930 fuisset,
253 2848 385 2911 tametsi
422 2848 588 2912 meliorem
626 2849 694 2912 eius
732 2849 950 2914 condicionem
982 2848 1102 2914 faceret

92 2958 189 3019 quam
213 2939 401 3000 ceterorum.
1029 2966 1031 2969 ·

180 3057 216 3115 cf.
241 3055 338 3115 Servii
360 3073 503 3131 responsa
529 3057 600 3115 135.

406 3226 449 3280 De
466 3226 567 3280 domno
585 3226 694 3280 iniuria
712 3227 785 3280 doto.

78 3356 79 3359 ¹
184 3283 254 3390 105,
282 3325 320 3388 D.
340 3326 369 3407 9,
388 3327 418 3406 2,
437 3325 493 3404 52,
513 3327 543 3389 2.
575 3325 711 3389 Alfenus
735 3327 818 3391 libro
843 3328 982 3392 secundo
1005 3326 1102 3412 Dige-

93 3419 216 3491 storum
251 3412 300 3499 (P.
322 3416 354 3495 7,
374 3412 419 3498 2).
475 3413 513 3477 In
546 3414 627 3478 clivo
661 3412 847 3498 Capitolino
882 3416 943 3482 duo
976 3416 1101 3500 plostra

165 3576 178 3622 1
199 3571 276 3624 Flos
294 3586 345 3624 nos
363 3571 515 3628 emendavit
535 3573 603 3630 Ant.
625 3572 730 3630 Fater.
