2422 3840
325 157 328 163 ’
348 183 389 232 1s.
414 175 841 249 <u>suuu1ususnusn
1032 176 1097 240 279

82 343 256 423 tractatur,
279 361 320 405 an
344 340 449 404 socius
474 341 618 404 omnium
641 340 808 421 bonorum,
832 340 861 404 si
884 339 960 422 quid
983 340 1024 403 ob
1048 341 1094 403 in·

81 429 244 493 iuriarum
268 429 427 494 actionem
451 427 621 493 damnatus
644 428 851 512 praestiterit,
876 450 915 492 ex
933 429 1094 493 communi

82 520 305 601 consequatur
322 520 359 582 ut
377 520 530 600 praestet.
562 520 595 581 et
614 516 789 581 Atilicinus
807 515 945 581 Sabinus
961 514 1093 581 Cassius

82 605 324 691 responderunt
423 605 473 670 cui
496 607 654 689 congruit,
682 609 768 690 quod
792 605 937 678 Servium
961 626 1093 689 respon-

83 695 174 760 disse
192 694 340 759 Aufidius
364 693 470 778 refert,
494 695 521 758 si
545 696 624 758 socii
647 695 806 759 bonorum
827 694 954 777 fuerint,
978 693 1092 758 deinde

82 805 180 862 unus,
203 805 275 848 cum
297 783 338 848 ad
356 782 508 848 iudicium
525 804 592 848 non
611 783 745 866 adesset,
766 778 937 848 damnatus
957 784 1010 867 sit,
1028 805 1093 847 non

80 872 202 937 debere
226 893 299 936 eum
322 873 361 936 de
380 871 541 937 communi
562 871 596 936 id
617 872 778 956 consequi,
799 873 827 936 si
847 894 921 937 vero
940 893 1093 956 praesens

80 960 238 1025 iniuriam
266 960 379 1025 iudicis
407 981 522 1044 passus
551 961 606 1038 sit,
636 961 673 1025 de
699 961 860 1025 communi
884 960 1093 1026 sarciendum.

470 1134 513 1189 De
532 1135 705 1190 commodato.

175 1236 204 1300 8.
229 1235 266 1300 D.
282 1234 333 1316 13,
344 1236 373 1318 6,
383 1235 413 1317 5,
424 1237 453 1299 7.
493 1233 654 1319 Ulpianus
677 1236 760 1300 libro
779 1235 954 1300 vicensimo
975 1237 1091 1299 octavo
1122 1305 1124 1309 Α

79 1323 124 1389 ad
146 1323 285 1389 edictum
302 1321 351 1411 (P.
366 1323 453 1408 802).
558 1323 585 1388 si
604 1345 732 1388 servum
750 1323 812 1388 tibi
830 1327 987 1389 tectorem
1006 1344 1095 1387 com-·

77 1412 257 1478 modavero
286 1418 319 1476 et
346 1412 385 1476 de
412 1412 561 1477 maehina
589 1412 751 1497 ceciderit,
779 1413 956 1496 periculum
983 1433 1090 1477 meum

78 1523 156 1566 esse
184 1499 330 1566 Namusa
358 1501 411 1566 ait.

416 1658 459 1712 De
479 1658 536 1712 litis
553 1657 764 1714 contestatione?

173 1757 203 1821 9.
231 1755 385 1822 Priscian.
404 1759 478 1842 e‚4,
495 1759 535 1824 18
560 1782 590 1841 p.
605 1759 670 1823 384
685 1757 725 1824 Η.
753 1795 795 1803 -
824 1757 859 1822 P.
877 1757 1038 1821 Aufidius:
1064 1720 1094 1822 st·

76 1848 153 1929 qais
175 1846 240 1911 alic
261 1847 411 1912 vocitatur
432 1848 556 1912 nomine
574 1851 639 1910 tum
657 1867 726 1910 cam
745 1848 784 1911 tis
802 1850 986 1911 contestatur
1004 1850 1094 1928 atque

78 1935 158 2000 olim
179 1935 377 2000 vectabatur.
