2422 3840
313 181 340 232 8.
367 175 519 233 SERVIUS
538 176 724 233 SULPICIUS
742 177 860 234 RUFUS
1029 182 1093 246 227

79 344 226 408 ducturus
252 345 332 423 erat,
360 341 394 405 id
414 341 510 406 61116111
532 343 706 424 spondebat.
750 344 974 410 uoontraetue
995 349 1093 430 stipu-

80 432 230 496 lationum
252 430 510 514 sponsionumque
532 432 687 496 duebatur
708 431 876 513 sponsalia.
920 437 1093 518 tuaequae

76 521 232 603 promissa
253 524 331 604 nat,
353 539 467 603 speum
484 521 706 604 appellabatur,
729 522 783 602 qui
800 523 1004 603 spoponderat
1020 527 1092 590 duo-

80 615 196 688 turam,
222 628 362 690 sponsu
407 611 462 674 sed
484 611 514 674 si
531 614 603 691 past
623 630 675 674 eas
696 611 908 692 stipulationis
929 632 1009 676 uuor
1030 635 1093 679 nou

79 699 210 764 dabatur
232 702 373 762 autnon
395 697 574 778 ducebatur,
600 699 656 782 qui
677 699 898 784 stipulabatur,
921 720 958 764 eu
980 722 1093 785 sponsu

79 787 191 871 aqebat.
241 787 358 852 indues
385 787 608 870 eoqnoseebant.
657 789 762 872 iudea,
795 789 991 872 quamobrem
1017 793 1094 857 data

79 881 233 959 damiane
267 895 330 940 uon
362 879 439 941 esset
467 896 561 954 uuor,
597 877 768 957 quaerebat.
823 878 852 942 si
882 878 964 943 nibil
994 880 1094 946 iustae

79 985 188 1031 saraae
219 963 391 1045 uidebatur,
423 965 506 1029 bitern
531 967 668 1047 pecunia
700 967 893 1050 aestimabat,
927 971 1093 1052 quantique

78 1054 262 1135 interfuerat
286 1074 355 1118 earn
383 1074 511 1118 uuonan
538 1056 610 1119 dari
639 1060 696 1119 aut
717 1056 828 1136 aucupi,
855 1077 924 1120 eum
946 1059 1001 1140 qui
1023 1081 1091 1142 spo-

76 1145 228 1226 ponderat
244 1140 316 1226 <er>
335 1143 390 1224 qui
407 1143 573 1225 stipulatus
591 1148 665 1225 erat,
683 1144 927 1210 condemnabat'.
961 1145 1024 1212 hoc
1042 1148 1093 1212 ius

81 1233 319 1315 sponsaliorum
348 1231 554 1296 observatum
582 1232 660 1297 dicit
683 1230 811 1297 Servius
838 1233 934 1298 adid
957 1239 1094 1322 tempuS,

82 1343 143 1406 quo
169 1321 285 1385 civitas
309 1321 460 1385 universo
484 1319 579 1384 Latio
603 1321 674 1405 lege
696 1319 781 1385 Iulia
805 1322 881 1387 data
905 1327 963 1389 est.

167 1430 213 1492 Cf.
222 1431 259 1490 D.
271 1434 321 1504 23,
334 1434 362 1509 1,
373 1435 402 1491 2.
430 1431 578 1507 Ulpianus
591 1431 670 1491 libro
686 1433 832 1509 singulari
846 1435 883 1493 de
896 1437 1093 1510 sponsalibus.

79 1514 125 1602 (P.
142 1512 255 1602 2993.)
292 1519 451 1596 sponsalia
469 1524 571 1579 autem
590 1521 671 1580 dicta
691 1526 798 1581 sunta
817 1524 1005 1599 spondendo:
1023 1546 1094 1586 nam

77 1611 169 1671 moris
188 1610 248 1668 fuit
265 1609 420 1671 veteribus
439 1609 581 1684 stipulari
600 1612 630 1668 et
649 1611 792 1686 spondere
814 1611 871 1671 sibi
888 1632 997 1673 uxores
1011 1616 1093 1675 futu-

77 1719 134 1760 ras.
166 1699 205 1758 D.
222 1700 376 1776 23,1,11.
409 1698 545 1757 Iulianus
564 1698 642 1758 libro
662 1701 745 1759 sexto
762 1700 876 1760 decimo
891 1702 1092 1780 Digestorum.

77 1781 123 1870 (P.
144 1780 226 1866 268)
327 1787 406 1847 sicut
428 1787 551 1863 nuptiis,
573 1787 618 1846 ita
641 1788 831 1862 sponsalibus
850 1789 944 1849 tiliam
963 1793 1092 1852 familias

77 1877 245 1937 consentire
265 1877 391 1951 oportet.
427 1875 643 1953 1).23,1,12.
676 1875 825 1951 Ulpianus
839 1877 859 1935 1.
874 1897 897 1936 c.
918 1871 964 1960 (P.
983 1876 1091 1962 2994).

77 1966 129 2026 sed
148 1984 226 2044 quae
240 1964 336 2041 patris
350 1965 502 2024 voluntati
516 1983 576 2023 non
589 1968 746 2041 repugnat,
766 1967 934 2025 consentire
948 1968 1092 2044 intelligi·

76 2059 135 2115 tur.
175 2056 249 2114 tunc
268 2056 370 2113 autem
392 2054 490 2113 solum
512 2053 709 2111 dissentiendi
732 2058 853 2129 epatre
872 2055 994 2114 licentia
1011 2057 1092 2117 filiae

77 2143 266 2219 conceditur,
294 2143 319 2203 si
344 2143 502 2220 indignum
524 2141 659 2201 moribus
682 2141 732 2202 vel
755 2144 874 2218 turpem
898 2162 1041 2218 sponsum
1064 2147 1092 2206 ei

76 2237 165 2308 pater
188 2232 293 2308 eligat.

166 2353 196 2416 r.
224 2350 264 2416 n.
279 2352 332 2434 ee,
347 2351 398 2434 10,
412 2350 442 2416 s.
477 2349 675 2433 Pomponius
694 2322 779 2416 uem
799 2352 904 2435 primo
924 2353 1092 2418 61611161

76 2438 126 2528 (P.
149 2440 237 2520 174).
273 2438 402 2505 Servius
427 2488 457 2504 ..
482 2438 610 2504 dicebat
634 2442 719 2506 socri
743 2443 775 2505 et
798 2462 909 2505 socrus
929 2445 961 2505 et
980 2444 1091 2526 generi

76 2534 110 2595 et
133 2551 233 2594 nurus
257 2528 511 2613 appellationem
540 2529 637 2606 etiam
664 2552 703 2594 ex
727 2530 933 2614 sponsalibus
957 2531 1091 2617 adquiri.

414 2702 462 2760 De
485 2703 558 2761 dotis
580 2707 752 2777 repetitione.

167 2813 198 2878 3.
227 2811 266 2876 D.
288 2813 339 2893 12,
357 2812 387 2896 4,
406 2813 436 2877 8.
478 2811 632 2877 Neratius
660 2814 743 2878 libro
768 2815 908 2879 seeundo
931 2815 1091 2880 Membra-

75 2924 195 2968 narum
215 2899 264 2984 (P.
281 2896 348 2987 11).
449 2899 578 2965 Servius
602 2902 637 2965 in
657 2901 741 2966 libro
766 2903 803 2967 de
822 2905 952 2968 dotibus
972 2906 1092 2988 scribit,

77 2993 107 3058 si
129 2993 216 3056 inter
242 3011 297 3055 eas
320 3010 491 3074 personas,
520 3011 655 3074 quarum
682 2991 784 3055 altera
806 2993 950 3057 nondum
972 2994 1091 3057 iustam

77 3084 221 3147 aetatem
239 3079 370 3162 habeat,
388 3077 520 3160 nuptiae
539 3078 643 3144 factae
664 3080 737 3162 sint,
756 3081 841 3163 quod
861 3081 947 3145 dotis
961 3082 1091 3146 nomine

77 3171 211 3234 interim
234 3166 346 3232 datum
370 3169 427 3251 sit,
450 3169 554 3248 repeti
576 3189 681 3252 posse.

355 3341 403 3399 De
424 3343 467 3399 rei
489 3343 609 3400 uxoriae
631 3344 819 3401 cautionibus.

168 3453 199 3516 4.
232 3449 313 3515 Gall.
331 3450 362 3533 4,
381 3451 401 3514 3
425 3452 445 3530 ξ
464 3450 494 3515 2.
530 3447 660 3516 Servius
756 3449 917 3536 Sulpicius
940 3453 975 3517 in
997 3452 1094 3535 libra,

79 3563 176 3625 quem
205 3541 386 3622 composuit
414 3540 453 3604 de
482 3539 630 3629 dotibus,
660 3544 733 3610 tum
760 3541 913 3630 primum
941 3541 1118 3607 nuntiasse

849 3648 907 3704 sn*
