2422 3840
328 233 330 237 .
383 158 409 206 4.
436 151 554 208 AULUS
573 149 787 206 OASCELLIUS
1024 147 1087 212 371

83 324 170 397 39,1
197 315 319 379 ‘Ofilius
348 364 377 379 ..
407 319 573 397 respondit,
599 319 679 378 idem
707 317 868 378 Cascellius
897 318 933 377 de
961 337 1089 379 commo-

82 404 177 486 dato'3
206 410 244 468 D.
263 411 358 486 35,1‚
377 411 462 484 40,1
487 403 662 467 ‘Cascellius
686 401 807 484 aiebat',
831 407 907 466 libro
921 406 968 465 ΠΙ
986 407 1021 464 D.
1038 410 1089 483 33,

84 500 195 576 10,10
228 491 394 573 ‘negabant
422 541 451 556 ..
479 496 580 556 Labeo
608 494 713 555 Ofilius
740 489 930 572 Cascellius',
961 495 1037 554 libro
1061 495 1090 553 V

81 588 116 646 D.
138 589 188 665 33,
204 586 232 664 7,
252 588 335 664 26,1
367 578 478 645 ‘Labeo
506 584 669 645 Cascellius
697 583 855 644 Trebatius
884 627 917 643 ..
945 575 1090 664 putant').

459 789 506 847 De
528 791 708 848 testamentis.

172 917 200 980 1.
227 915 267 982 D.
290 917 347 1001 28,
371 917 405 1000 6,
428 917 470 981 39
489 937 536 1001 pr.
585 915 758 981 Iavolenus
795 915 879 980 libro
911 917 1017 999 primo
1050 938 1090 981 er

81 1005 317 1091 posterioribus
345 1004 506 1070 Labeonis
534 1000 584 1092 (P.
606 1002 691 1091 164).
743 1001 824 1069 Oum
856 1025 894 1068 ex
920 1004 989 1084 filio
1017 1005 1090 1088 quie

84 1096 163 1161 duos
186 1098 321 1178 nepotes
344 1095 526 1178 impuberes
549 1093 704 1179 habebat,
731 1092 786 1158 sed
816 1092 956 1158 alterum
979 1115 1090 1158 eorum

81 1185 115 1247 in
151 1187 326 1267 potestate,
363 1183 502 1247 alterum
535 1203 614 1263 non,
652 1187 685 1246 et
717 1181 816 1246 vellet
847 1186 1019 1266 utrumque
1051 1204 1090 1247 ex

83 1273 192 1356 aequis
224 1272 373 1357 partibus
405 1271 537 1335 heredes
569 1270 690 1335 habere
723 1273 768 1349 et,
805 1271 832 1334 si
865 1271 935 1354 quis
968 1292 1007 1335 ex
1038 1271 1089 1335 his

82 1361 230 1445 impubes
264 1361 467 1438 decessisset,
499 1359 539 1424 ad
573 1360 708 1424 alterum
735 1362 861 1443 partem
889 1359 957 1423 eius
985 1364 1089 1424 trans·

82 1450 176 1514 ferre:
212 1471 250 1513 ex
283 1449 417 1514 consilio
449 1448 609 1512 Labeonis
642 1447 728 1513 Ofilii
757 1446 906 1514 Oascellii
919 1475 920 1478 ¹
933 1448 1090 1513 Trebatiii

82 1560 155 1603 eum
184 1559 279 1621 quem
306 1540 340 1601 in
362 1541 524 1622 potestate
547 1536 690 1601 habebat
713 1536 823 1601 solum
840 1535 990 1601 heredem
1013 1537 1091 1602 feeit
1176 1559 1178 1564 ·

82 1631 114 1690 et
142 1627 183 1690 ab
212 1648 248 1690 eo
273 1625 369 1690 alteri
392 1625 559 1689 dimidiam
582 1632 707 1709 partem
729 1624 931 1707 hereditatis,
959 1647 1030 1690 oum
1054 1627 1090 1690 in

83 1737 174 1780 suam
189 1719 240 1779 tut
226 1716 324 1779 telam
344 1714 486 1778 venisset
486 1714 648 1798 ,legavit3
667 1713 754 1797 quod
773 1713 855 1798 siis,
875 1713 930 1797 qui
948 1714 983 1778 in
1001 1718 1090 1798 pote-

82 1807 165 1868 state
190 1825 248 1867 sua
271 1806 357 1867 esset
362 1763 540 1887 ,impubes
564 1802 761 1888 decessisset,
785 1803 920 1926 alterum
939 1802 1089 1868 heredem
1120 1817 1122 1821 ’

81 1892 111 1954 ei
134 1892 311 1956 substituit

170 1989 200 2053 2.
231 1987 271 2053 D.
290 1989 366 2054 ibid.
385 1989 449 2069 §2-
488 1987 624 2064 Quidam
644 1993 723 2072 quat
709 1990 797 2052 ttuor
815 1987 949 2053 heredes
968 1988 1090 2053 fecerat

59 2124 61 2127 -
82 2077 282 2142 etomnibus
306 2077 477 2141 heredibus
495 2079 624 2162 praeter
642 2098 740 2140 unum
761 2076 865 2141 substi
865 2080 984 2141 tuerat.
1009 2099 1088 2142 unns

81 2166 150 2248 ille,
176 2166 227 2230 oui
250 2187 315 2230 non
338 2170 409 2230 erat
432 2165 601 2250 quiequam
626 2164 834 2248 substitutus,
857 2168 951 2229 etex
974 2167 1088 2231 ceteris

82 2256 163 2318 alter
195 2255 268 2320 vivo
301 2258 392 2338 patre
423 2253 567 2319 familias
600 2254 809 2319 decesserant.
860 2259 1002 2337 partem,
1038 2255 1089 2318 cui

81 2364 176 2407 nemo
195 2353 265 2407 erat
284 2344 488 2426 substitutus,
507 2343 546 2407 ad
562 2344 772 2407 substitutum
787 2364 913 2428 quoque
928 2342 1089 2427 pertinere

82 2431 197 2496 Ofilius
222 2430 398 2497 Cascellius
420 2431 664 2516 responderunt.

497 2641 542 2701 De
564 2641 672 2714 tepetis.

463 2765 507 2821 De
525 2767 585 2820 dote
604 2766 701 2836 tapeto.

169 2885 199 2949 3.
227 2883 265 2948 D.
285 2885 336 2966 33,
354 2884 385 2968 4,
405 2884 439 2968 6,
460 2886 488 2949 1.
528 2882 636 2948 Labeo
664 2884 747 2948 libro
773 2883 911 2948 secundo
934 2883 1089 2967 posterio-

80 2995 152 3037 rum
181 2995 200 3036 a
222 2972 373 3037 Iavoleno
398 2973 647 3056 epitomatorum
670 2968 719 3057 (P.
734 2969 822 3057 178).
944 2972 982 3054 ei,
1006 2994 1087 3056 quae

81 3062 188 3126 dotem
211 3062 333 3126 nullam
356 3061 512 3145 habebat,
534 3061 583 3125 vir
606 3061 651 3124 sie
674 3062 851 3144 legaverat:
880 3059 1013 3144 ‘quanta
1035 3081 1088 3144 pe·
1180 3079 1183 3082 ’

80 3151 175 3215 cunia
198 3149 282 3214 dotis
305 3149 454 3214 nomine'
477 3154 510 3213 et
532 3148 670 3233 reliqua,
697 3147 769 3232 ‘pro
792 3170 830 3213 ea
852 3149 1088 3233 quinquaginta

79 3239 173 3303 heres
211 3239 308 3304 dato'.
367 3237 475 3303 deberi
512 3237 542 3301 ei
576 3238 719 3322 legatum
752 3237 865 3302 Ofilius
898 3236 1087 3320 Oascellius,

78 3327 157 3392 item
187 3331 220 3392 et
248 3325 352 3393 Servii
380 3326 542 3392 auditores
570 3333 619 3390 ret
605 3327 778 3391 ttulerunt:
805 3325 937 3410 perinde
966 3325 1087 3390 haben-

79 3417 155 3480 dum
179 3437 248 3480 esse
272 3438 308 3481 ao
332 3417 360 3480 si
384 3437 495 3481 servus
519 3415 616 3480 alieni
637 3419 785 3480 mortuus
805 3418 861 3480 aut
879 3436 937 3499 pro
958 3436 996 3480 eo
1016 3436 1086 3480 cen-

78 3508 148 3569 tum
171 3505 278 3588 legata
302 3509 418 3570 essent.

842 3603 904 3658 Ψ
