2422 3840
105 161 147 224 86
184 160 232 216 IV.
252 158 623 216 snPTIMISAIlc.1U1us
639 134 813 217 CONSULT.
828 160 954 218 sualua
968 161 1112 219 ALTERA

104 322 323 406 admonuisse,
350 324 436 406 quod
463 323 593 406 quidam
621 324 760 408 quinque
789 345 907 411 genera
935 347 1004 390 esse
1028 327 1112 392 dixe'-

103 416 191 493 runt,
218 415 255 476 ut
283 409 320 487 Q.
344 410 483 494 Mucius,
512 412 568 476 alii
595 413 673 495 tria,
700 417 737 478 ut
763 410 830 478 Ser.
853 412 1030 500 Sulpicius,
1059 416 1113 481 alii

102 502 179 583 duo,
202 504 239 565 ut
263 499 380 565 Labeo.

192 608 279 672 ‘Man
311 613 379 671 dari
408 613 489 672 wohl
520 613 577 672 mit
608 612 723 690 einiger
749 611 917 672 Sicherheit
947 619 1113 692 vermuteu,

103 703 172 762 dass
186 701 308 762 Servius
326 702 374 761 die
392 702 507 778 species
525 701 639 761 tutelae
658 702 734 761 nach
747 702 844 760 ihrem
857 702 1113 778 Rechtsgrund

102 792 134 851 in
153 809 264 869 genera
281 789 560 850 zusammenfasste:
581 789 728 868 legitima,
745 791 982 868 testamentaria,
1002 792 1112 871 dativa,

103 880 171 940 dass
204 880 339 957 dagegen
365 878 466 938 Labeo
500 878 547 938 die
573 878 829 939 bevormuudeteu
857 880 1041 940 Personen
1068 883 1112 940 als

101 967 394 1045 llinteilungsgruud
421 967 561 1028 beuutzte
583 968 646 1027 und
669 967 777 1027 darum
799 968 898 1028 tutela
919 969 1111 1045 impuberum

101 1057 164 1116 und
191 1058 353 1116 mulierum
380 1056 581 1116 unterschied.
626 1056 767 1116 Dadureh
794 1056 870 1116 wind
896 1077 967 1116 man
994 1077 1032 1118 au
1060 1059 1111 1119 der

100 1146 257 1205 Annahme
285 1145 422 1223 gefflhrt,
450 1144 518 1205 dass
543 1144 576 1215 Q.
595 1145 712 1204 Mucius
739 1145 836 1222 einige
860 1145 972 1220 speeies
996 1147 1110 1208 tutelae

99 1236 146 1295 als
178 1253 289 1312 genera
320 1227 500 1293 bahandelte
532 1233 594 1294 und
626 1237 705 1294 etwa
735 1251 768 1293 sc
798 1233 945 1293 einteilte:
978 1235 1110 1316 adgnati,

99 1323 228 1399 patroni,
246 1322 483 1400 testamentaria,
502 1322 646 1395 Atiliana,
666 1315 824 1398 specialis’.
865 1321 990 1403 Pernice
1009 1324 1109 1386 Labeo

97 1412 126 1490 I,
147 1413 241 1487 23sq.
926 1432 928 1436 ⁴
1146 1421 1149 1426 ’

187 1513 218 1576 2.
236 1513 329 1577 Auct.
348 1511 424 1595 epit.
443 1512 481 1576 de
497 1512 619 1578 nemim
633 1513 693 1576 rat.
706 1515 783 1596 post
795 1511 904 1578 Valer.
917 1511 1050 1579 Maxim.
1069 1551 1105 1562 -

98 1598 210 1665 Pueris
229 1622 295 1666 non
313 1600 402 1683 prius
421 1623 517 1684 quam
531 1606 643 1686 togam
658 1600 784 1665 virilem
799 1605 971 1682 sumerent,
990 1603 1109 1686 puellis

98 1711 164 1754 non
198 1693 372 1774 antequem
403 1690 576 1775 nuberent,
608 1691 820 1772 praenomina
851 1690 976 1775 imponi
1008 1693 1109 1757 moris

97 1778 198 1843 fuisse
222 1777 258 1854 Q.
283 1777 437 1843 Scaevola
460 1782 572 1843 auctor
594 1782 653 1843 est.

186 1881 231 1940 De
245 1881 338 1942 Mucii
352 1881 432 1941 dieto
446 1881 657 1941 aMommseuc
671 1880 780 1941 reiecto
794 1901 822 1942 v.
832 1879 974 1962 Karlowa
983 1881 1023 1958 ΙΙ,
1036 1885 1107 1944 188.

186 1985 216 2050 3.
245 1981 283 2049 D.
301 1983 354 2064 26,
375 1986 403 2065 1,
422 1984 500 2064 3pr.
541 1979 701 2065 Ulpianus
730 1983 812 2046 libre
840 1982 1009 2067 trigesimo
1037 2007 1109 2069 sep·

95 2072 179 2136 timo
194 2072 234 2136 ad
249 2070 405 2136 Sabinum
420 2068 469 2157 (P.
479 2068 591 2156 2836).
623 2069 685 2147 Qui
699 2071 797 2136 habet
811 2074 951 2136 tutorem
964 2073 1108 2158 pupillus

96 2162 150 2226 rel
176 2161 299 2245 pupilla
326 2161 354 2224 si
382 2161 487 2224 furere
511 2158 690 2243 coeperint,
717 2160 751 2224 in
774 2181 812 2224 ea
834 2180 929 2224 causa
953 2166 1045 2245 suut,
1072 2169 1108 2226 ut

96 2251 131 2314 in
157 2251 261 2315 tutela
287 2248 390 2313 nihilo
415 2249 521 2312 minus
545 2248 674 2330 durent,
703 2270 785 2332 quae
809 2247 969 2313 sententia
994 2247 1108 2326 Quinti

96 2360 224 2491 quoq?
234 2335 459 2490 2230ιὶ1ῐῖ11ῃῖ-
473 2392 558 2506 <Qui
573 2447 592 2488 a
605 2424 760 2508 muliere>
775 2425 845 2490 siue
862 2426 981 2490 tutoris
997 2430 1107 2492 aueto-

96 2513 194 2578 ritate
213 2514 316 2578 sciens
336 2535 405 2577 rem
423 2513 565 2597 mancipi
583 2515 661 2578 emit
678 2515 728 2578 vel
747 2513 830 2578 falso
849 2518 958 2578 tutore
974 2521 1108 2581 auctore

97 2623 192 2686 quem
221 2602 294 2665 sciit
318 2623 384 2665 nen
412 2623 497 2684 esse,
528 2624 595 2666 non
623 2601 749 2666 videtur
779 2604 863 2667 bena
889 2602 952 2667 fide
981 2604 1108 2669 emisse.

96 2692 205 2774 itaque
225 2693 257 2754 et
275 2694 400 2754 veteres
419 2694 537 2774 putant
554 2696 587 2756 et
602 2689 742 2756 Sabinus
756 2696 789 2755 et
803 2690 935 2757 Cassius
950 2692 1109 2757 scribunt.

183 2793 286 2852 Etiam
305 2793 438 2852 Mucium
460 2793 492 2851 id
515 2793 635 2853 dccuise
658 2794 820 2853 verisimile
842 2794 925 2853 videt
964 2836 972 2853 .

184 2893 213 2958 5.
237 2893 275 2958 D.
294 2895 346 2978 33,
363 2895 435 2976 aa
475 2892 674 2979 Pomponius
697 2893 781 2959 libro
805 2899 920 2960 octavo
943 2894 983 2959 ad
1003 2895 1106 2972 Quin-

94 2986 164 3048 tum
192 2981 333 3047 Mucium
364 2982 414 3068 (Ρ.
432 2982 520 3069 258).
567 2982 705 3059 Quintus
733 2983 859 3049 Mucius
888 2984 948 3049 ait:
976 2984 1004 3048 si
1033 2987 1107 3070 quis

93 3071 129 3135 in
164 3075 359 3136 testamento
391 3071 438 3136 ita
471 3073 611 3155 scripsit:
649 3070 721 3136 ‘filii
752 3072 902 3156 filiaeque
934 3093 1026 3137 meae
1060 3073 1108 3138 ibi

95 3165 200 3244 sunto,
223 3161 278 3225 ubi
303 3182 357 3225 eos
377 3165 480 3225 mater
499 3183 557 3225 sua
576 3181 646 3224 esse
665 3161 753 3225 volet
771 3161 881 3245 eisque
900 3161 994 3225 heres
1013 3184 1106 3228 meus

94 3250 129 3314 in
161 3271 263 3314 annos
297 3251 442 3334 singulos
471 3250 568 3333 inque
595 3271 712 3332 pueros
740 3251 929 3336 puellasque
958 3250 1106 3334 singulas

95 3338 230 3403 damnas
259 3343 329 3403 este
358 3339 433 3402 darc
461 3338 575 3402 cibarii
601 3339 732 3402 nomine
759 3360 872 3403 aureos
897 3337 1029 3402 decem'.
1076 3341 1106 3404 si

94 3430 218 3492 tutores
239 3450 310 3492 cam
327 3428 496 3511 pecuniam
516 3428 590 3491 dare
610 3427 726 3491 nolunt
745 3429 773 3491 ei
794 3427 879 3511 apud
899 3448 994 3510 quem
1012 3429 1106 3511 pueri

94 3522 191 3598 atque
206 3517 337 3600 puellae
356 3519 440 3598 sunt,
459 3516 542 3579 nihil
561 3521 620 3599 est,
639 3517 724 3600 quod
743 3538 781 3581 ex
799 3519 994 3581 testamento
1009 3538 1105 3602 agere
