2422 3840
93 172 158 235 aut
194 169 241 225 vi
264 167 398 224 oerum
418 133 822 223 suae.1ua1soousuuu
842 165 968 223 seems
986 166 1101 222 amun

94 332 266 417 subripuit,
296 353 368 396 eum
392 331 570 414 posteriore
594 330 664 394 fure
687 330 835 394 dominus
859 331 928 394 eius
951 331 999 394 rei
1023 329 1102 393 furti

94 443 189 503 agere
216 424 339 504 potest,
365 419 419 483 fur
446 419 536 503 prior
562 440 629 483 non
651 423 759 502 potest
856 417 939 484 haee
962 417 1101 494 Quintus

93 510 217 575 Mucius
241 508 340 573 refert
438 530 496 572 neo
518 508 641 572 utimur
660 507 762 572 Servii
786 509 947 572 sententia
971 509 1025 591 qui
1047 530 1101 592 pu·

92 599 197 681 tabat,
229 598 257 661 si
288 597 335 660 rei
363 598 537 681 subreptae
565 596 713 661 dominus
743 618 838 661 nemo
870 601 1015 661 exstaret
1045 617 1101 660 nee

94 691 277 752 exstiturus
302 689 400 768 esset,
423 685 526 750 furem
548 685 668 750 habere
690 685 769 749 furti
793 685 963 750 actionem.

289 921 325 979 V.
353 922 403 980 De
427 921 540 981 saeris
563 921 791 1010 detestandis
813 920 910 980 libri.

184 1047 259 1106 Oum
276 1050 396 1122 praeter
413 1046 561 1105 librorum
578 1045 704 1104 titulum
722 1044 797 1103 nihil
810 1045 873 1103 fere
888 1046 1043 1106 servatum
1057 1045 1101 1122 sit.

95 1139 306 1214 argumentum
324 1135 470 1194 librorum
485 1135 657 1193 eonieetura
669 1136 789 1193 tantum
803 1134 923 1210 assequi
936 1151 1101 1209 possumus

93 1224 220 1284 verbnm
244 1217 449 1283 ‘detestatum'
474 1222 566 1283 Gaius
588 1222 620 1281 in
642 1223 721 1282 libro
741 1225 823 1281 sexto
847 1222 885 1281 ad
903 1222 964 1281 XII
982 1222 1101 1281 tabulas

95 1307 145 1392 (D.
162 1314 368 1390 50‚1o‚238,
386 1305 418 1390 1)
438 1312 481 1371 sie
500 1312 641 1388 explieat:
660 1305 856 1371 ‘detestatum
876 1310 924 1370 est
941 1311 1101 1370 testatione

95 1395 320 1461 denuntiatum'
351 1405 380 1459 et
403 1400 551 1476 Ulpianus
578 1400 655 1459 libro
680 1400 927 1478 quinquagesimo
952 1401 1038 1459 sexto
1067 1399 1101 1456 ad

95 1493 225 1550 edietum
240 1481 291 1570 (D.
308 1492 358 1565 50,
374 1492 424 1565 16,
440 1481 497 1568 39)
515 1490 631 1549 scribit:
656 1483 829 1548 ‘detestatio
849 1491 894 1547 est
912 1487 1101 1547 denuntiatio

94 1581 175 1639 faeta
198 1599 264 1638 eum
287 1571 469 1637 testatione'.
516 1572 684 1637 ‘Detestari
706 1577 825 1637 verhtlt
848 1577 911 1635 siah
938 1597 975 1635 zu
998 1576 1101 1636 testari

95 1669 152 1727 wie
176 1668 293 1726 demere
316 1687 353 1725 zu
376 1685 485 1743 emere,
509 1667 622 1726 deicere
646 1686 683 1725 zu
706 1666 815 1737 iacere,
838 1665 934 1725 heisst
957 1666 1023 1725 also
1053 1684 1101 1725 vor

96 1757 217 1834 Zeugen
247 1775 307 1815 von
338 1755 402 1814 sich
431 1748 564 1815 abthun'
591 1756 756 1814 Mommsen
783 1755 972 1813 Staatsreeht
1000 1754 1061 1828 111,
1086 1758 1101 1812 1

95 1865 124 1920 p.
145 1848 185 1904 29
210 1864 237 1903 n.
260 1848 286 1903 1.
315 1844 351 1903 de
374 1863 406 1902 re
429 1845 476 1904 vir
495 1844 685 1903 doctissimus
704 1845 778 1902 haee
797 1843 893 1902 addit:
918 1837 987 1901 ‘Die
1009 1861 1101 1902 saero-

95 1955 162 1992 rum
182 1934 342 1993 detestatio
361 1932 436 1992 wird
455 1933 503 1992 bei
522 1933 638 1992 Gellius
659 1935 707 2003 15,
725 1935 764 1992 27
789 1933 885 1991 neben
908 1932 975 1990 dem
1001 1933 1101 1990 Testa·

95 2027 179 2082 ment
193 2023 369 2100 ausgefflhrt
383 2023 428 2081 als
443 2022 614 2098 gleiohfalls
629 2022 660 2080 in
673 2021 802 2080 comitiis
816 2021 921 2079 calatis
936 2021 1101 2098 vollzogen3

95 2113 157 2171 und
190 2113 229 2170 da
260 2112 307 2170 die
339 2115 429 2170 unter
460 2111 592 2187 Leitung
625 2111 677 2169 des
709 2111 850 2169 Pontifex
885 2109 1101 2186 abgehalteneu

97 2201 245 2261 Comitien
271 2201 425 2259 teohnisoh
456 2199 554 2258 ealata
581 2199 712 2275 heissen‚
746 2217 778 2258 so
806 2200 886 2256 kann
912 2197 980 2256 hier
1007 2199 1101 2256 niehts

96 2291 220 2350 anderes
248 2290 380 2364 gemeint
408 2289 470 2347 sein
498 2288 543 2346 als
571 2288 618 2346 die
645 2288 695 2346 bei
723 2287 779 2346 den
804 2287 1101 2346 Pontifiealoomitien

95 2380 202 2436 immor
224 2378 368 2436 zuntehst
389 2377 421 2434 in
444 2379 497 2435 das
520 2376 608 2452 Auge
633 2377 765 2453 gefasste
788 2375 984 2453 Adrogation.
1023 2376 1101 2434 Dazu

97 2468 212 2525 stimmt
236 2466 357 2525 Servius
385 2485 438 2524 zur
460 2464 534 2524 Aen.
556 2468 588 2538 2,
610 2467 686 2525 156:
715 2464 899 2524 consuetudo
923 2464 1006 2540 apud
1030 2464 1101 2522 anti-

97 2574 171 2631 quos
194 2555 262 2632 fuit,
284 2557 321 2613 ut
343 2555 394 2631 qui
416 2554 448 2612 in
471 2555 617 2612 familiam
638 2554 685 2614 vel
705 2557 825 2630 gentem
843 2553 998 2629 transiret,
1020 2553 1101 2629 prius

97 2661 128 2701 se
152 2643 304 2701 abdicaret
327 2643 364 2702 ab
388 2661 424 2701 ea
445 2643 477 2700 in
495 2662 554 2718 qua
571 2641 672 2701 fuerat
695 2646 726 2701 et
749 2643 791 2702 sio
815 2642 852 2701 ab
871 2642 932 2700 alia
956 2643 1101 2718 aeoipere·

96 2736 156 2789 tur.
194 2733 279 2789 Auoh
303 2731 371 2790 dass
395 2732 442 2791 die
466 2733 580 2790 alteron
598 2732 734 2790 Juristen
758 2731 839 2790 diese
858 2730 1020 2790 detestatio
1041 2747 1101 2789 aus-

96 2820 225 2878 fuhrlioh
258 2820 470 2892 behandelten,
503 2822 587 2896 passt
620 2820 694 2878 dazu
726 2820 818 2879 wohl:
857 2819 919 2878 Ser.
951 2819 1100 2894 Sulpicius

98 2909 214 2968 sohrieb
241 2909 314 2968 zwei
342 2910 413 2969 oder
440 2911 573 2968 mehrere
597 2909 715 2967 Bucher
743 2909 778 2966 de
802 2909 894 2967 saeris
918 2907 1100 2967 detestandis

97 2990 337 3079 (Ge11.7‚12)’.
374 3017 440 3057 oum
464 2999 531 3056 aliis
555 3017 626 3075 ergo
651 2997 723 3057 viris
747 2998 843 3056 doetis
866 2997 1034 3057 Mommsen
1058 3015 1101 3054 sa·

96 3105 215 3146 erorum
243 3086 473 3147 detestationem
501 3106 568 3145 eum
598 3087 787 3163 arrogatione
818 3086 1008 3145 coniunctam
1040 3102 1101 3145 esse

97 3176 256 3234 existimat.
303 3195 400 3254 saera,
429 3176 464 3234 de
488 3176 597 3252 quibus
620 3177 736 3251 agitur,
762 3178 865 3234 utrum
887 3175 1044 3250 gentilicia
1066 3191 1100 3231 an

96 3265 258 3323 familiaria
280 3264 476 3343 intelligenda
500 3265 573 3341 sint,
596 3265 762 3323 Mommsen
784 3283 845 3321 non
868 3263 1017 3322 definivit:
1043 3264 1101 3338 ple·

96 3356 180 3430 rique
208 3354 266 3413 viri
291 3353 371 3412 docti
395 3373 429 3412 ea
453 3372 537 3412 saera
560 3352 713 3430 gentilicia
736 3370 800 3410 esse
823 3354 943 3428 putant.
990 3355 1101 3410 utrum-

96 3462 153 3518 que
171 3443 312 3500 Karlowa
325 3443 606 3520 Rechtsgesohiohte
621 3441 652 3499 Π
670 3460 697 3515 p.
715 3443 754 3499 97
767 3459 809 3517 sq.
824 3440 988 3517 improbat:
1008 3458 1100 3500 saero-

88 3549 158 3588 rum
174 3531 406 3591 detestationem
424 3551 521 3607 neque
536 3530 740 3608 adrogationis
758 3533 877 3606 partem
895 3530 989 3589 fuisse
1008 3545 1099 3606 neque
