2422 3840
127 169 194 233 406
222 168 295 225 VIII.
310 167 445 225 OCTAVI
460 167 557 224 SAEG.
568 167 666 225 IURIS
680 168 850 226 CONSULT.
862 168 986 225 anulus
1001 169 1140 224 TERTIA

424 430 426 434 ἱ
541 355 649 414 Liber
671 356 721 415 IX.

216 474 247 540 8.
269 472 411 539 Maerob.
429 477 489 540 sat.
507 475 537 558 3,
557 474 586 556 7,
603 474 698 539 5-8.
730 472 800 539 Hoo
818 472 891 538 loeo
910 495 974 538 non
995 473 1136 538 alienum

57 632 59 636 ,
126 562 255 626 videtur
282 562 320 626 de
349 562 534 628 condicione
563 583 673 627 eorum
703 561 871 627 hominum
894 562 1027 645 referre,
1055 584 1135 646 quos

47 660 52 670 '
126 650 215 735 leges
239 672 348 716 sacros
372 672 441 716 esse
465 653 561 716 certis
586 650 647 715 diis
671 651 797 736 iubent,
825 650 901 735 quia
924 672 989 715 non
1012 651 1139 736 ignoro,

126 739 318 822 quibusdam
342 741 460 804 mirum
483 739 594 823 videri,
618 739 703 823 quod
727 761 800 805 eum
824 743 930 804 cetera
953 760 1044 826 saera
1066 740 1138 805 vio-

125 828 186 891 lari
222 827 312 892 nefas
345 829 401 912 sit,
437 829 602 893 hominem
639 849 764 892 sacrum
801 829 855 910 ius⁴
887 826 985 892 fuerit
1022 827 1134 893 occidi.

125 916 215 980 cuius
252 916 299 980 rei
335 936 433 981 eausa
468 918 548 982 haee
584 920 642 981 est.
694 922 817 981 veteres
854 916 980 980 nullum
1013 916 1135 981 animal
1163 939 1166 945 ·

126 1025 251 1069 sacrum
274 1005 308 1069 in
331 1005 451 1070 finibus
473 1006 539 1070 suis
559 1027 629 1071 esse
647 1005 863 1089 patiebantur,
886 1004 941 1069 sed
959 1005 1136 1090 abigebant

125 1093 166 1158 ad
193 1093 272 1157 fines
304 1093 436 1158 deorum
468 1095 584 1178 quibus
615 1116 740 1158 sacrum
768 1098 868 1178 esset,
901 1093 1026 1157 animas
1059 1115 1135 1160 vero

125 1185 324 1247 sacratorum
346 1182 523 1266 hominum,
547 1204 627 1266 quos
647 1181 763 1248 Graeci
787 1180 912 1260 ζωάνας
933 1185 1062 1268 vocant,
1084 1183 1133 1247 dis

125 1270 250 1335 debitas
279 1271 502 1336 aestimabant.
548 1271 814 1355 quemadmodum
843 1271 945 1354 igitur
971 1271 1056 1355 quod
1086 1292 1136 1336 sa·

124 1381 213 1423 erum
237 1359 277 1422 ad
301 1359 376 1423 deos
400 1360 487 1444 ipsos
510 1361 598 1424 mitti
621 1381 686 1424 non
709 1363 849 1443 poterat,
873 1381 892 1422 a
915 1381 949 1423 se
973 1360 1136 1425 dimittere

123 1468 190 1511 non
223 1447 429 1532 dubitabant,
460 1449 507 1513 sio
535 1450 671 1532 ammas,
701 1468 780 1532 quas
811 1469 918 1511 sacras
946 1448 981 1512 in
1009 1448 1136 1513 coelum

124 1536 211 1599 mitti
246 1558 341 1619 posse
379 1535 527 1602 arbitrati
564 1543 639 1601 sunt
670 1536 817 1601 viduatas
850 1557 997 1620 corpore,
1035 1558 1135 1620 quam

123 1623 263 1708 primum
299 1624 355 1689 illo
388 1625 435 1689 ire
469 1626 650 1692 voluerunt.
703 1624 847 1709 disputat
879 1624 917 1688 de
948 1625 1011 1690 hoo
1044 1648 1134 1691 more

124 1712 223 1776 etiam
247 1711 419 1778 Trebatius
442 1714 636 1798 religionum
658 1714 741 1778 libro
764 1734 859 1778 nono.

548 1914 656 1972 Liber
678 1913 714 1971 X.

213 2031 243 2096 9.
275 2030 416 2098 Maerob.
440 2038 500 2097 sat.
524 2033 559 2118 3,
578 2033 612 2118 3,
631 2032 660 2097 5.
706 2031 857 2098 Sanctum
887 2036 943 2112 est,
979 2035 1017 2095 ut
1049 2032 1136 2097 idem
1163 2015 1168 2027 ’

124 2119 295 2207 Trebatius
314 2121 397 2185 libro
413 2121 536 2186 deoimo
550 2122 741 2206 religionum
756 2121 865 2200 refert,
877 2121 1031 2184 interdum
1045 2121 1136 2205 idem,

122 2210 205 2290 quod
230 2229 353 2274 sacrum
380 2211 518 2292 idemque
541 2211 623 2292 quod
646 2210 835 2293 ccliqiosum,
862 2210 1016 2274 Interdum
1037 2210 1137 2294 uliud,

36 2306 39 2311 ’
122 2297 178 2362 boc
200 2303 244 2362 esi
265 2319 318 2363 uec
339 2319 463 2363 suerum
484 2319 538 2363 uec
560 2298 734 2382 reiiqiosum
756 2303 808 2362 est.

216 2386 265 2450 10.
301 2386 423 2452 Arnob.
451 2387 521 2451 adv.
547 2391 613 2451 nat.
637 2387 670 2468 l,
694 2388 745 2451 31.
792 2385 933 2451 ‘Maotus
963 2386 1026 2452 ho'o
1058 2386 1137 2452 vino

123 2472 239 2538 inferio
259 2475 349 2540 esto'.
377 2475 506 2557 Inferio,
526 2475 631 2559 inquit
647 2474 826 2561 Trebatius,
843 2475 967 2539 cabum
985 2496 1021 2538 eo
1039 2495 1137 2540 causa

123 2567 168 2626 esi
198 2564 338 2627 additum
368 2585 460 2646 euque
491 2564 611 2628 catione
639 2563 808 2645 profertur,
839 2583 878 2627 ne
907 2564 1016 2628 uiuum
1047 2584 1138 2628 omne

123 2652 248 2715 omuino
276 2653 356 2732 quod
381 2653 417 2716 ie
443 2652 526 2718 cellis
552 2657 642 2734 utque
668 2652 820 2735 apothecis
842 2657 886 2717 est
906 2653 1075 2730 conditum,
1098 2673 1137 2717 ccc

124 2740 235 2820 quibem
256 2740 337 2804 illud
356 2742 438 2823 quod
457 2740 628 2820 effunditur
649 2746 827 2824 proemium
849 2745 905 2824 art,
928 2761 988 2806 esse
1010 2760 1137 2806 sacrum

122 2828 255 2910 iambici
276 2833 304 2892 ei
325 2849 362 2893 ee
383 2829 489 2895 cabaa
511 2831 662 2912 crabiotae
684 2830 836 2894 humanis.

354 3045 421 3107 HL·
440 3046 489 3106 De
512 3047 590 3106 iuro
613 3047 716 3107 civili
739 3047 828 3106 libri

213 3170 388 3230 Trebatium
414 3172 452 3230 'in
484 3172 540 3231 hac
570 3171 690 3249 quidem
719 3191 750 3230 re
781 3169 813 3240 Q.
841 3169 933 3228 Mucii
964 3171 1136 3246 exemplum

122 3261 261 3317 secutum
287 3259 378 3319 etiam
405 3260 440 3318 de
465 3261 531 3319 iure
555 3260 637 3320 civili
660 3260 814 3337 scripsisse
837 3259 944 3318 docent
967 3258 1136 3338 Pomponii,

121 3346 219 3424 Pauli,
242 3347 365 3429 Ulpiani
386 3348 458 3407 libri
480 3350 519 3408 ad
539 3347 682 3408 Sabinum
705 3348 817 3425 scripti,
839 3347 871 3405 in
895 3347 1002 3423 quibus
1022 3347 1137 3407 Treba·

122 3434 183 3493 tius
206 3438 326 3511 saepius
345 3437 495 3498 laudatur.
534 3440 605 3496 sunt
623 3439 701 3496 enim
720 3436 876 3511 Pomponii
894 3435 965 3494 libri
982 3435 998 3493 I
1015 3427 1065 3516 (D.
1082 3439 1136 3515 28,

100 3521 133 3593 ὅ,
155 3523 200 3580 21
207 3517 282 3606 pa),
312 3526 342 3585 V
363 3517 417 3610 (D.
436 3529 490 3604 35,
511 3529 544 3607 1,
564 3517 614 3610 a),
638 3525 714 3586 nur
733 3517 785 3608 lu.
803 3527 858 3602 al,
874 3526 906 3600 a,
922 3517 992 3602 ao),
1018 3525 1138 3585 xxxn
