2422 3840
318 161 344 210 8.
371 155 522 213 SERVIUS
542 154 725 211 SULPICIUS
744 155 863 212 RUl’US
1031 157 1096 222 209

80 343 184 388 eausa
218 341 349 404 specum
381 320 511 386 fecisset
543 323 576 382 et
610 324 730 383 cretam
765 319 965 404 abstulisset,
995 309 1109 386 furem'

81 431 160 494 esec,
183 432 251 475 non
274 411 351 493 quia
373 409 524 492 fodisset,
542 407 603 496 sed
626 409 702 492 quia
726 408 924 472 abstulisset.

171 529 271 589 Hodie
298 528 424 605 legitur:
457 520 596 604 ‘specum
624 528 704 604 quis
731 529 853 587 fecisset
876 572 905 588 ..
929 531 987 587 fur
1015 524 1096 590 est'.

82 619 287 679 Tribonianus
318 617 367 678 rel
399 617 511 676 Paulus
539 617 705 676 orationem
738 616 839 676 Alfeni
869 620 1008 679 mutavit.
1059 620 1096 678 cf.

80 709 119 767 n.
137 709 191 787 47,
213 710 264 785 10,
285 708 335 780 15,
354 707 404 766 32.

303 904 306 909 .
395 857 440 912 Dc
457 858 548 912 oneris
565 858 653 912 aversi
671 859 784 912 ceticae.

175 966 249 1032 135.
281 967 320 1032 D.
343 966 396 1048 19,
415 967 451 1048 2,
469 966 521 1030 31.
563 965 653 1031 Idem
678 963 844 1054 (Alfenus)
873 967 957 1032 libro
981 968 1095 1051 quinto

82 1055 298 1140 Digestorum
322 1055 460 1119 aPaulo
480 1055 729 1137 epitomatorum
749 1052 799 1141 (P.
819 1052 884 1141 71).
921 1055 961 1120 Iu
979 1079 1095 1121 navem

83 1143 208 1209 Saufeii
222 1165 293 1209 cum
309 1143 489 1227 complures
503 1143 698 1207 frumentum
714 1143 933 1226 confuderant,
948 1143 1095 1210 Saufeius

81 1235 140 1297 uni
159 1232 273 1297 ex·his
296 1232 494 1297 frumentum
516 1232 698 1296 reddiderat
716 1233 755 1297 de
774 1234 986 1298 communiet
1005 1236 1096 1299 navis

83 1321 238 1406 perierat:
267 1321 446 1405 quaesitum
473 1327 535 1403 est,
565 1343 606 1383 an
629 1322 726 1385 ceteri
749 1344 808 1406 pro
833 1344 891 1386 sua
913 1327 1006 1406 parte
1030 1324 1095 1387 fru-

85 1413 189 1474 menti
211 1431 284 1474 cnm
307 1413 408 1473 nauta
431 1430 527 1494 agere
550 1414 687 1492 possunt
705 1411 812 1475 oneris
835 1412 940 1475 aversi
959 1413 1096 1476 actione.

84 1499 254 1582 respondit
276 1520 382 1562 rerum
411 1498 591 1562 locatarum
619 1499 682 1562 duo
710 1520 829 1582 genera
858 1522 941 1584 esse,
970 1504 1007 1564 ut
1040 1504 1097 1565 aut

84 1586 173 1651 idem
191 1586 378 1651 redderetur
396 1584 505 1669 (sicuti
524 1609 596 1651 cum
616 1588 811 1652 vestimenta
825 1588 940 1653 fulloni
955 1591 1096 1654 curanda

85 1675 288 1760 locarentur)
308 1679 365 1739 aut
383 1674 525 1739 eiusdem
545 1676 671 1758 generis
690 1677 874 1741 redderetur
891 1675 1008 1765 (veluti
1023 1700 1095 1743 oum

85 1768 258 1848 argentum
288 1765 474 1848 pusulatum
501 1764 594 1828 fabro
623 1765 766 1846 daretur,
800 1771 835 1829 ut
862 1789 941 1831 vasa
972 1768 1097 1852 fierent,

85 1856 144 1918 aut
167 1875 291 1934 aurum,
314 1857 351 1916 ut
371 1850 490 1939 anuli):
514 1875 553 1917 ex
577 1854 738 1936 superiore
762 1875 858 1917 causa
881 1877 948 1918 rem
974 1855 1095 1920 domini

84 1963 225 2026 manere,
250 1962 288 2005 ex
311 1941 490 2025 posteriore
508 1942 542 2005 in
562 1942 718 2004 creditum
738 1943 786 2004 iri.
823 1942 907 2005 idem
925 1944 1004 2007 iuris
1025 1966 1094 2008 esse

82 2031 119 2095 in
151 2031 314 2114 deposito:
348 2052 424 2094 nam
457 2030 484 2093 si
514 2031 584 2114 quis
618 2030 787 2112 pecuniam
814 2036 1019 2096 numeratam
1047 2033 1095 2097 ita

83 2119 300 2204 deposuisset,
327 2123 364 2183 ut
391 2141 495 2203 neque
525 2119 646 2183 clusam
675 2141 777 2201 neque
801 2118 1007 2203 obsignatam
1030 2124 1095 2183 tra·

84 2209 188 2292 deret,
212 2207 268 2272 sed
291 2207 530 2290 adnumeraret,
556 2207 637 2270 nihil
661 2207 749 2271 aliud
774 2230 846 2272 eum
871 2207 986 2271 debere
1010 2209 1094 2291 apud

79 2319 180 2383 ¹quem
205 2296 353 2380 deposita
376 2300 462 2361 esset
484 2296 547 2359 nisi
570 2297 763 2360 tantundem
781 2297 937 2380 pecuniae
961 2298 1094 2361 solvere.

82 2385 258 2452 secuudum
282 2406 363 2469 quae
386 2385 488 2449 videri
515 2385 657 2449 triticum
676 2386 797 2450 factum
817 2384 938 2450 Saufeii
958 2391 990 2449 et
1008 2391 1094 2451 recte

84 2476 207 2541 datum.
253 2473 337 2556 quod
361 2473 389 2537 si
412 2474 586 2556 separatim
609 2474 731 2538 tabulis
758 2479 814 2538 aut
836 2474 1013 2539 heronibus
1037 2482 1093 2540 aut

82 2565 119 2628 in
138 2563 203 2627 alia
222 2583 303 2647 cupa
321 2562 446 2627 clusum
466 2562 715 2646 uniuscuiusque
737 2564 882 2627 triticum
902 2563 1026 2647 fuisset,
1049 2565 1095 2627 ita

83 2660 121 2717 ut
144 2651 322 2716 internosci
343 2653 455 2734 posset
478 2651 554 2734 quid
577 2652 731 2734 cuiusque
751 2655 843 2735 esset,
865 2674 930 2717 non
949 2654 1094 2734 potuisse

83 2738 234 2806 aoatcm¹
258 2740 528 2823 permutationem
556 2738 675 2821 faeere,
708 2741 762 2804 sed
796 2745 866 2804 tum
896 2763 993 2825 posse
1022 2763 1095 2806 eum

84 2830 175 2894 cuius
198 2829 314 2892 fuisset
336 2828 479 2892 triticum
508 2828 592 2912 quod
618 2831 720 2891 nauta
749 2830 900 2893 solvisset
924 2830 1095 2894 vindicare.

85 2923 118 2983 et
141 2918 213 2982 ideo
237 2939 270 2981 se
294 2917 478 3001 improbare
502 2917 644 2980 actiones
664 2918 770 2980 oneris
790 2919 909 2981 aversi:
933 2919 1008 3001 quia
1027 2920 1094 2981 sive

86 3009 155 3072 eius
179 3006 305 3090 generis
330 3008 440 3070 essent
464 3026 599 3097 merces,
630 3026 711 3088 quae
738 3010 857 3070 nautae
881 3008 1095 3087 traderentur,

85 3099 123 3160 ut
146 3094 300 3161 continuo
325 3094 392 3158 eius
416 3094 531 3157 fierent
555 3098 588 3157 et
611 3096 770 3157 mercator
792 3095 826 3157 in
845 3095 1001 3159 creditum
1024 3095 1096 3176 iret,

38 3223 43 3232 ·
85 3206 152 3249 non
176 3183 337 3248 videretur
360 3205 440 3247 onus
465 3204 535 3246 esse
555 3204 710 3263 aversum,
734 3184 853 3267 quippe
872 3183 957 3266 quod
976 3187 1094 3245 nautae

86 3273 215 3338 fuisset:
244 3273 312 3337 sive
336 3272 446 3335 eadem
469 3293 534 3346 res,
562 3292 643 3354 quae
666 3271 786 3335 tradita
809 3276 907 3353 esset,
931 3271 1020 3335 reddi
1044 3269 1094 3334 de·

86 3363 187 3444 beret,
206 3360 285 3424 furti
301 3382 370 3424 esse
386 3360 545 3424 actionem
564 3360 700 3423 locatori
720 3363 752 3423 et
769 3360 841 3424 ideo
862 3381 1095 3443 supervacuum

159 3531 174 3579 1
194 3525 322 3581 Funus.
351 3527 501 3580 emendarit
518 3526 585 3581 Ant.
605 3525 709 3583 Faber.

131 3623 225 3670 Imdspr,
240 3624 357 3664 archadio
372 3625 423 3665 rell.
439 3626 472 3666 ed.
488 3627 595 3671 Bremer.
871 3623 912 3672 tt
