2422 3840
388 159 412 209 1.
435 154 465 208 P.
479 153 645 210 ALFENUS
663 154 784 211 VARUS
836 164 838 171 '
1023 156 1088 220 285

77 318 168 382 iuria
186 317 311 400 fecisse,
329 317 456 401 eulpam
477 318 560 382 enim
576 339 673 401 penes
688 340 770 400 eum,
792 320 846 402 qui
860 321 948 402 prior
961 320 1089 404 flagello

77 407 251 492 percussit,
273 405 429 490 residere,
453 406 507 470 sed
531 406 559 470 si
582 407 623 470 ab
648 428 685 470 eo
705 428 771 471 non
789 408 878 489 prior
895 410 1090 491 vapulasset,

77 495 139 560 sed
159 495 246 559 ‘cum
277 497 307 559 ei
336 496 499 559 lucernam
531 495 653 577 eripere
690 495 801 581 vellet,
836 495 960 560 rixatus
997 501 1092 579 esset,

77 583 262 648 tabernarii
285 583 379 666 culpa
401 584 521 649 factum
545 583 656 648 videri.
1188 658 1190 665 Ι

35 672 39 679 '
173 674 203 736 7.
235 671 274 737 D.
294 671 370 736 ibid.
390 676 409 750 ξ
428 673 459 737 2.
502 671 541 736 In
564 672 648 737 clivo
673 671 855 756 Capitolino
879 672 942 737 duo
967 673 1091 756 plostra

81 764 204 826 onusta
226 761 332 824 mulae
356 761 524 825 ducebant.
564 761 681 846 prioris
704 762 821 845 plostri
840 763 997 826 muliones
1016 785 1090 826 con·

57 918 61 923 ,
80 870 213 914 versum
228 848 388 932 plostrum
399 850 637 934 sublevabantL
650 872 712 934 quo
725 850 819 914 facile
829 851 936 914 mulae
944 851 1100 932 facerent

81 937 189 1020 iter].¹
240 937 387 1021 superius
419 938 579 1022 plostrum
608 939 723 1003 cessim
751 938 797 1002 ire
826 939 932 1022 coepit
959 945 991 1002 et
1018 961 1090 1004 cum

82 1027 254 1109 muliones,
268 1027 324 1110 qui
337 1028 423 1091 inter
437 1027 499 1091 duo
509 1027 633 1110 plostra
647 1028 785 1109 fuerunt,
799 1028 930 1093 emedio
942 1029 1092 1110 exissent,

83 1115 247 1198 posterius
274 1115 434 1198 plostrum
463 1138 482 1179 a
504 1115 611 1199 priore
634 1121 820 1200 percussum
843 1121 929 1180 retro
952 1117 1093 1181 redierat

83 1207 118 1266 et
146 1225 281 1287 puerum
309 1204 474 1269 cuiusdam
503 1204 688 1269 obtriverat
734 1205 880 1270 dominus
905 1206 996 1288 pueri
1019 1226 1092 1270 con-

84 1292 224 1375 sulebat,
243 1314 315 1356 cum
334 1314 397 1376 quo
417 1314 451 1358 se
466 1314 561 1378 agere
576 1298 747 1377 oporteret.
780 1294 931 1378 respondi
946 1295 980 1358 in
995 1315 1093 1359 causa

83 1382 136 1445 ius
147 1401 217 1444 esse
232 1381 390 1466 positum3
403 1404 477 1445 nam
489 1382 516 1445 si
530 1383 687 1447 muliones
703 1383 758 1467 qui
771 1383 918 1467 superius
931 1383 1091 1467 plostrum

85 1469 325 1554 sustinuissent,
344 1491 403 1534 sua
421 1477 535 1555 sponte
551 1492 584 1534 se
599 1471 826 1535 subduxissent
839 1478 873 1535 et
885 1472 956 1536 ideo
971 1471 1092 1537 factum

85 1562 185 1638 esset,
212 1563 249 1622 ut
277 1559 383 1623 mulae
410 1559 569 1643 plostrum
592 1561 730 1624 retinere
753 1583 819 1624 non
841 1567 975 1645 possent
998 1569 1092 1645 atque

85 1667 184 1711 onere
202 1646 274 1732 ipso
292 1646 540 1732 retraherentur,
554 1670 627 1712 cum
646 1649 775 1713 domino
795 1652 952 1713 mularum
969 1650 1093 1713 nullam

84 1757 158 1800 esse
178 1735 347 1818 actionem,
365 1758 437 1800 oum
451 1736 647 1820 hominibus,
661 1737 716 1820 qui
730 1759 919 1802 conversum
934 1740 1093 1821 plostrum

86 1823 328 1907 sustinuissent,
345 1826 423 1910 lege
446 1824 579 1909 Aquilia
603 1825 656 1907 agi
680 1847 786 1909 posse,
810 1847 887 1889 nam
910 1825 1012 1890 nihilo
1037 1828 1093 1890 mi-

84 1933 148 1977 nus
172 1933 244 1976 eum
269 1912 421 1977 damnum
444 1913 533 1996 dare,
562 1913 617 1996 qui
645 1914 730 1997 quod
754 1913 927 1978 sustineret
950 1916 1093 1978 mitteret

87 2023 146 2065 sna
173 2000 354 2084 voluntate,
381 2005 419 2065 ut
445 2003 478 2065 id
507 2003 646 2084 aliquem
673 2001 820 2084 ferirent,
847 2003 948 2081 veluti
971 2004 1093 2085 siquis

88 2089 224 2154 asellum
253 2111 324 2155 cum
352 2091 509 2174 agitasset
536 2113 598 2154 non
623 2090 823 2171 retinuisset,
847 2111 947 2173 aeque
971 2092 997 2154 si
1022 2093 1092 2173 quis

88 2200 126 2242 ex
153 2200 252 2242 manu
280 2178 380 2242 telum
409 2186 465 2243 aut
493 2179 580 2244 aliud
609 2179 685 2264 quid
712 2180 913 2256 immisisset,
942 2179 1092 2242 damnum

88 2266 209 2331 iniuria
240 2266 341 2331 daret.
377 2266 450 2331 'sed
487 2270 514 2333 si
551 2269 671 2351 mulae,
709 2270 762 2352 qui
795 2268 916 2350 aliquid
949 2268 1092 2332 reformi-

88 2355 231 2434 dassent,
254 2354 503 2438 <recessissent>
522 2362 555 2421 et
574 2358 731 2422 muliones
749 2358 866 2421 timore
884 2357 1032 2441 permoti,
1053 2379 1094 2419 ne

89 2445 363 2529 opprimerentur,
389 2444 547 2527 plostrum
570 2446 789 2531 reliquissent,
813 2468 885 2511 cum
908 2446 1093 2509 hominibus

89 2535 250 2597 actionem
282 2533 406 2597 nullam
438 2556 521 2616 esse,
552 2556 624 2598 aum
657 2536 787 2600 domino
823 2536 982 2599 mularum
1016 2556 1093 2599 esse.

90 2621 177 2706 quod
202 2622 354 2706 sineque
378 2623 484 2686 mulae
507 2642 609 2706 neque
632 2623 779 2688 homines
802 2625 836 2689 in
859 2646 956 2688 causa
979 2629 1096 2705 essent,

90 2709 146 2775 sed
175 2711 282 2774 mulae
309 2711 448 2775 retinere
477 2733 557 2775 onus
584 2713 772 2795 nequissent
799 2716 856 2776 aut
883 2735 955 2777 cum
977 2713 1095 2777 conite-

90 2803 204 2863 rentur
226 2798 340 2883 lapsae
361 2798 576 2864 concidissent
595 2805 628 2863 et
646 2801 717 2864 ideo
736 2802 896 2884 plostrum
915 2802 1029 2866 cessim
1049 2801 1095 2864 ire
1170 2852 1175 2861 .

91 2889 230 2952 redisset
248 2892 344 2971 atque
362 2887 397 2951 hi
416 2909 479 2972 quo
499 2910 687 2953 conversum
706 2889 820 2954 fuisset
839 2912 919 2953 onus
939 2889 1095 2953 sustinere

90 2976 291 3060 nequissent,
319 2998 419 3058 neque
447 2998 520 3041 cum
548 2977 678 3042 domino
707 2975 866 3041 mularum
893 2999 995 3060 neque
1023 2986 1094 3041 cum

90 3063 277 3129 hominibus
305 3087 375 3129 esse
403 3065 570 3129 actionem.
616 3066 696 3130 illud
720 3066 848 3149 quidam
872 3070 993 3129 certum
1017 3086 1096 3146 esse,

92 3174 222 3236 quoquo
241 3153 335 3218 modo
355 3175 406 3217 res
425 3175 459 3217 se
478 3154 621 3234 haberet,
639 3176 711 3216 eum
732 3154 862 3218 domino
878 3155 1095 3238 posteriorum

91 3243 253 3306 mularum
277 3243 330 3326 agi
353 3264 416 3306 non
436 3264 540 3327 posse,
564 3243 715 3326 quoniam
734 3264 799 3306 non
818 3264 876 3306 sua
895 3246 1018 3326 sponte,
1041 3242 1094 3306 sed

90 3352 261 3415 percussae
284 3337 370 3395 retro
393 3332 559 3396 redissent.

164 3530 178 3576 1
204 3520 251 3577 Fl.
270 3523 402 3578 ducerent
419 3491 500 3580 inter.
