2422 3840
114 161 179 225 330
206 160 280 217 VIII.
296 160 431 215 OCTAVI
446 160 545 217 SAEC.
556 160 651 215 lURIS
668 159 837 216 CONSULT.
849 159 972 215 SERIES
986 160 1126 216 TERTIA

112 348 190 389 nono
210 329 322 388 decimo
336 329 539 406 Digestorum,
554 328 842 388 Commentariorum
861 329 990 404 septimo
1005 326 1124 390 scribit'

113 417 162 485 (D.
182 420 232 493 34,
254 420 282 493 2,
303 421 353 492 19,
374 413 417 496 6),
441 420 471 476 et
493 419 542 477 hic
565 418 692 477 Alfenus
715 417 827 495 Varus,
852 418 903 493 qui
924 418 1004 476 idem
1026 420 1125 479 tradit

114 501 156 564 ‘in
178 502 258 565 libro
277 506 472 584 Digestorum
495 507 645 566 tricesimo
665 510 696 566 et
714 509 830 584 quarto,
854 505 1124 567 Coniectaneorum

112 599 214 655 autem
237 589 387 654 secuudo'.

199 678 469 760 Ut'Flpistularum
494 687 524 743 et
543 683 766 762 Quaestionum,
790 683 831 742 sic
856 684 945 742 etiam
967 683 1124 745 Commen-

111 773 258 832 tariorum
277 776 308 832 et
322 771 588 833 Coniectaneorum
607 773 692 832 libris
707 773 868 848 scriptores
884 772 1018 850 singulas
1033 793 1123 850 quas-

39 889 41 892 ·
111 861 179 919 dam
208 879 256 920 res
283 861 433 938 responsis
460 861 628 921 illustrasse
655 864 743 937 puto,
775 863 937 936 antequam
964 863 1122 923 universas

111 953 194 1009 certa
221 949 337 1009 ratione
360 954 451 1027 atque
475 949 577 1009 ordine
600 949 794 1028 Digestorum
820 949 906 1008 libris
930 955 1121 1026 exponerent.

112 1037 378 1098 Coniectaneorum
404 1058 513 1099 nornen
540 1039 572 1097 id
599 1039 661 1097 fere
690 1038 840 1116 significat
867 1039 947 1116 quod
968 1043 1121 1100 nostrates

111 1121 335 1187 ‘Vermisohtes'
363 1130 545 1203 nuncupant
591 1127 694 1186 eodem
718 1127 809 1186 titulo
832 1130 937 1202 postea
960 1126 991 1186 C.
1011 1127 1121 1189 Ateius

111 1214 217 1292 Capito
240 1235 312 1295 usus
336 1219 390 1276 est.
435 1217 471 1275 of.
495 1216 631 1294 Krueger
653 1237 681 1292 p.
700 1218 772 1275 146.

200 1304 280 1375 Quas
303 1323 351 1364 res
369 1304 496 1364 Alfenus
516 1302 721 1364 Coniectaneis
745 1304 829 1363 libris
850 1305 1037 1382 tractaverit,
1061 1325 1120 1364 non

109 1393 206 1471 magis
240 1394 349 1452 scimus
382 1412 473 1470 quam
505 1397 578 1471 quot
609 1394 680 1452 libri
711 1393 836 1452 facerint:
873 1412 966 1452 unum
998 1396 1120 1453 tanturn

109 1482 311 1557 fragmentum
334 1501 352 1540 a
376 1481 473 1542 Gellio
498 1486 651 1543 servatum
674 1485 728 1541 est.

199 1589 280 1655 Gall.
305 1591 385 1674 ao,
408 1594 435 1657 1.
490 1592 626 1658 Alfenus
657 1641 693 1658 ..
722 1593 755 1654 in
780 1591 874 1662 ,libro
909 1591 1120 1676 Digestorum

109 1679 273 1745 tricesimo
302 1684 336 1744 et
362 1686 492 1765 quarto,
520 1678 808 1747 Coniectaneorum
833 1684 940 1744 autem
965 1683 1121 1746 secundo:

108 1769 143 1832 a'a
172 1768 302 1852 foedare,
334 1769 451 1854 inquit,
482 1772 563 1852 qaod
593 1772 672 1836 inter
697 1770 848 1853 papalum
880 1769 1060 1835 Romanam
1093 1776 1121 1835 et

109 1855 373 1940 Carthaginienses
398 1859 516 1939 factam
543 1865 597 1943 est,
625 1860 772 1941 salpiam
799 1859 954 1922 iaveaa'tar
981 1861 1014 1922 et
1044 1881 1074 1943 q.
1095 1883 1121 1925 s.

197 1990 225 2029 v.
249 1989 339 2046 supra
360 1971 554 2049 Digestorum
577 1973 683 2047 fragm.
704 1972 754 2029 92.

388 2301 426 2382 2.
465 2302 621 2377 AULUS
654 2303 837 2376 OPILIUS
896 2339 897 2342 ¹

128 2505 130 2508 .
197 2457 293 2517 Servii
329 2457 455 2532 Sulpicii
490 2456 558 2516 Rufi
595 2456 727 2530 auditor,
765 2455 915 2516 Ciceronis
953 2460 983 2515 et
1021 2458 1121 2519 Attici

107 2547 228 2623 amicus,
253 2539 385 2604 ‘Caesari
412 2538 686 2624 familiarissimus',
714 2545 765 2621 qui
791 2551 892 2604 tamen
921 2540 963 2604 ‘in
987 2549 1121 2623 equestri

108 2634 209 2693 ordine
227 2629 443 2710 perseveravit'
462 2625 658 2712 (Pomponius
677 2625 779 2716 §44).
811 2653 871 2693 non
889 2635 976 2693 modo
994 2654 1121 2711 respon-

108 2723 197 2781 dendi
219 2741 340 2782 munere
363 2722 482 2782 functus
506 2726 560 2800 est,
584 2723 636 2782 sed
660 2723 751 2782 etiam
775 2717 877 2782 ‘libros
898 2723 933 2782 de
951 2724 1016 2782 iure
1036 2725 1120 2785 civili

107 2811 252 2890 plurimos
283 2816 314 2870 et
344 2811 397 2888 qui
426 2831 543 2872 omnem
572 2814 689 2887 partem
719 2811 817 2886 operis
850 2813 1012 2870 fundarent
1046 2815 1118 2872 reli-

108 2894 186 2976 quit’
205 2893 402 2981 (Pomponius
420 2901 439 2960 1.
459 2895 502 2980 1.).
539 2901 618 2959 inter
642 2900 793 2960 auditores
816 2899 923 2960 habuit
941 2899 974 2969 Q.
995 2900 1119 2961 Aelium

108 2989 307 3064 Tuberonem,
339 2989 505 3050 Antistium
533 2989 702 3048 Labeonem
730 2992 760 3048 et
787 2988 911 3048 Ateium
939 2988 1118 3065 Capitonem

107 3070 304 3158 (Pomponius
332 3071 442 3158 §47),
476 3078 663 3137 Tuberonem
689 3081 759 3152 post
784 3097 809 3136 a.
832 3072 954 3159 708s46
980 3110 1022 3118 —
1046 3098 1118 3139 nam

107 3166 155 3225 hio
178 3161 311 3227 ‘transiit
334 3185 352 3224 a
375 3168 472 3227 causis
496 3166 618 3244 agendis
642 3166 681 3225 ad
703 3167 750 3225 ius
769 3166 865 3241 civile,
888 3167 1015 3225 maxime
1034 3173 1118 3242 post-

108 3275 197 3331 quam
229 3256 373 3326 Quintum
405 3254 563 3333 Ligarium
599 3255 750 3315 accusavit
785 3274 839 3314 nec
872 3255 1002 3331 optinuit
1036 3258 1119 3332 apud

108 3342 215 3402 Gaium
235 3337 403 3404 Caesarem'
428 3337 623 3425 (Pomponius
642 3340 662 3418 ξ
682 3334 739 3425 46)
757 3375 805 3419 -,
825 3363 882 3420 quo
906 3347 1040 3418 tempore
1059 3345 1119 3405 La·

106 3430 232 3491 beonem
258 3434 308 3491 vel
331 3431 507 3508 Capitonem
531 3452 589 3491 non
613 3431 758 3490 traditum
782 3433 840 3508 est,
870 3433 1010 3491 atillam
1035 3434 1118 3493 intra

89 3534 114 3571 a.
135 3515 263 3596 697s53
281 3523 314 3580 et
331 3541 356 3580 a.
378 3516 514 3604 70ls50,
534 3521 614 3582 hunc
633 3521 716 3581 'intra
728 3515 891 3600 31123131
907 3525 938 3579 et
950 3516 1116 3599 a.718(36
