2422 3840
310 165 336 216 8.
362 159 515 216 SERVIUS
535 160 717 216 SULPICIUS
736 161 853 216 RUFUS
1024 163 1087 226 211

477 374 524 431 De
540 376 693 447 pauperie.

170 511 257 577 138?
281 508 359 592 De,
371 512 399 593 1,
411 509 441 575 5.
469 508 606 574 Alfenus
626 510 709 574 libro
729 510 866 574 secundo
882 509 1092 596 Digestorum

78 596 181 686 (Ro).
204 601 314 684 Agaso
330 621 402 663 cum
416 600 450 662 in
465 598 633 663 tabernam
649 620 766 682 equum
781 599 958 684 deduceret,
971 603 1091 665 mulam

79 710 181 773 equus
212 688 337 772 olfecit,
369 688 457 751 mula
489 687 609 752 calcem
641 686 752 751 reiecit
784 691 816 751 et
850 709 923 753 crus
956 691 1091 772 agasoni

78 778 196 862 fregit:
223 777 460 857 consulebatur,
483 779 634 859 possetne
658 798 730 840 cum
754 775 884 842 domino
904 778 1009 842 mulae
1028 781 1091 863 agi,

79 866 166 949 quod
191 888 230 931 ea
252 866 439 950 pauperiem
461 864 600 930 fecisset.
645 864 796 947 respondi
819 887 922 948 posse.

168 1004 310 1062 Fortasse
334 996 512 1078 ‘respondit'
535 1003 723 1062 scribendum
742 1007 796 1062 est.
831 1023 901 1062 nam
919 1005 1090 1065 Dorotheus

76 1093 108 1152 in
133 1093 228 1152 schol.
250 1091 403 1151 adBasil.
425 1093 476 1168 60,
493 1093 555 1170 2,5
585 1091 716 1168 scripsit:
745 1088 889 1173 ἠρωτήθη
912 1090 1039 1173 Σέρβιος
1063 1140 1090 1153 ..

76 1179 128 1241 καὶ
151 1178 334 1260 ἀπεκρίνατο.

495 1359 542 1416 De
558 1361 672 1431 positis.

169 1495 245 1561 139
265 1493 306 1560 D
319 1495 350 1576 9
364 1495 393 1575 3,
408 1493 439 1576 5,
455 1495 505 1558 12.
536 1493 697 1646 Ulpianus
716 1495 849 1561 libro
818 1479 973 1562 vicesimo
992 1498 1067 1562 tert
1059 1520 1089 1562 10

77 1585 119 1648 ad
141 1583 279 1648 edictum
292 1546 350 1671 (Ρ
357 1545 486 1736 (illeilt.
502 1605 600 1647 ‚cum
619 1583 726 1666 pictor
744 1585 778 1648 in
796 1586 934 1670 pergula
952 1588 1091 1670 clipeum

76 1674 130 1739 vel
158 1672 304 1737 tabulam
332 1673 514 1757 expositam
539 1672 708 1736 habuisset
736 1694 836 1758 eaque
865 1675 1035 1740 excidisset
1020 1679 1091 1740 tet

76 1761 262 1827 transeunti
235 1761 398 1825 tdamni
421 1760 498 1845 quid
521 1762 676 1844 dedisset,
705 1760 834 1826 Servius
857 1765 1025 1846 respondit
1011 1764 1089 1828 tad

77 1851 260 1935 exemplum
279 1850 374 1914 huius
394 1850 531 1914 actionis
546 1848 603 1934 (sc.
619 1849 657 1913 de
671 1849 787 1933 positis
801 1852 1004 1937 propositae)
1020 1853 1089 1916 dari

78 1944 230 2024 oportere
258 1939 432 2003 actionem:
462 1940 546 2002 hanc
575 1938 659 2002 enim
686 1960 752 2002 non
776 1943 958 2022 competere
982 1942 1090 2023 palam

77 2029 175 2112 esse[‚
198 2029 275 2112 quia
297 2048 399 2111 neque
421 2029 456 2090 in
480 2027 667 2112 suggrunda
689 2048 793 2111 neque
817 2027 852 2090 in
875 2034 1090 2111 1101001011-

77 2117 157 2181 bula
179 2115 286 2181 fuerat
307 2115 437 2200 posita].

168 2255 204 2313 cf.
220 2254 350 2313 edietum
364 2256 545 2331 perpetuum
560 2253 707 2329 praetoris
721 2253 830 2312 urbani
845 2246 928 2335 (Dig.
940 2256 969 2331 9,
980 2256 1008 2328 3,
1022 2258 1090 2329 lpr.

77 2347 108 2403 et
134 2345 168 2419 5,
190 2335 237 2425 6):
266 2338 311 2403 ἵ.
335 2344 366 2402 in
395 2363 463 2402 eum
490 2343 603 2418 locum,
631 2363 689 2419 quo
717 2343 809 2420 vulgo
833 2344 891 2402 iter
913 2343 965 2402 fiet
987 2344 1036 2403 vel
1058 2344 1090 2401 in

76 2451 138 2508 quo
166 2432 359 2508 consistetur,
389 2432 538 2491 deiectum
563 2477 590 2490 ..
615 2431 688 2508 quid
716 2432 785 2509 erit,
812 2432 845 2490 in
872 2452 941 2491 eum
968 2433 1020 2508 qui
1047 2432 1089 2491 ibi

75 2521 277 2598 habitaverit,
299 2521 331 2580 in
354 2521 480 2596 duplum
502 2520 646 2578 iudicium
669 2521 745 2579 dabo
769 2515 809 2579 ..⁵

169 2612 225 2677 ‘Ne
248 2618 316 2696 quis
339 2618 371 2676 in
394 2617 568 2695 suggrunda
591 2621 763 2692 protectore
788 2637 880 2696 supra
902 2639 971 2678 eum
990 2619 1090 2679 locum

77 2727 139 2780 quo
156 2708 249 2784 uulgo
267 2707 326 2766 iter
343 2707 396 2765 fiet
414 2707 482 2766 inve
502 2725 560 2782 quo
575 2707 754 2766 consistetur
772 2708 804 2766 id
822 2709 954 2783 positum
971 2708 1089 2785 habeat,

76 2797 165 2856 cuius
189 2814 276 2857 casus
298 2814 405 2855 nocere
429 2796 478 2854 oui
500 2788 617 2871 possit?

171 2941 244 3004 140.
266 2939 347 3005 1111.
368 2939 417 3028 (P.
432 2939 521 3024 191).
552 2940 640 3003 reem
663 2926 1089 3024 1111111111111111111

79 3030 107 3094 si
137 3028 295 3114 amphora
322 3051 361 3093 ex
388 3030 525 3093 reticulo
555 3045 711 3112 suspensa
734 3029 903 3094 decidisset
926 3036 958 3093 et
981 3030 1089 3093 damni

79 3118 250 3201 dedisset[,
273 3119 349 3202 quia
373 3122 405 3180 et
427 3117 573 3200 legitima
597 3123 630 3181 et
652 3118 825 3182 honoraria
849 3117 933 3182 actio
958 3117 1089 3196 deficit}
1141 3194 1143 3197 ι

169 3257 205 3316 cf.
234 3257 413 3332 Marquardt
434 3255 494 3313 VH
525 3276 552 3330 p.
574 3257 648 3314 442.
703 3255 799 3316 Servii
834 3273 1010 3328 responsum
1040 3253 1088 3312 ius

77 3345 199 3407 ridetur
221 3345 396 3404 condidisse.
434 3345 523 3403 011).
543 3346 593 3419 44,
611 3346 638 3421 7,
654 3347 716 3422 5,5
742 3339 778 3404 ‘is
802 3345 852 3420 qui
872 3362 907 3401 ea
925 3349 1011 3418 parte
1030 3361 1088 3418 qua

78 3435 169 3512 volgo
191 3435 252 3494 iter
273 3434 340 3493 fieri
358 3435 443 3509 solet,
465 3433 497 3491 id
515 3434 648 3508 positum
671 3437 733 3493 aut
756 3451 965 3510 suspensum
988 3431 1089 3507 habet,

80 3524 160 3599 quod
181 3526 295 3600 potest,
319 3523 345 3582 si
368 3521 519 3601 ceciderit,
543 3521 635 3583 alicui
657 3517 790 3584 nocere’.

845 3625 900 3680 lh*
