2422 3840
97 170 160 233 140
197 169 244 224 Vl.
269 167 402 231 OCTAVI
421 166 519 223 SAEO.
539 166 634 222 IURIS
654 165 825 222 CONSULT.
845 165 1104 224 seclusarum

95 338 272 412 complures,
295 337 348 395 sed
370 337 546 413 praecipuae
571 335 761 394 auctoritatis
783 338 914 412 quatuor
935 336 1104 396 nominatos

94 427 188 485 fuisse
212 425 328 502 dixerit,
352 423 371 500 ἓ
391 427 433 484 43
457 426 530 484 haec
553 424 649 482 addit:
674 419 806 484 ‘Servius
830 468 858 482 ..
883 442 1005 500 operam
1025 425 1104 484 dedit

95 516 155 574 iuri
174 514 257 574 civili
275 518 306 573 et
323 515 487 590 plurimum
506 532 556 572 eos
573 513 731 589 dequibus
746 513 969 587 locutisumus‚
987 507 1103 573 audiit'.

94 623 191 679 neque
232 604 460 681 grammaticam
495 621 591 678 neque
629 601 815 660 dialecticam
850 602 998 680 neglexit,
1040 621 1102 662 cum

95 694 134 752 M.
149 692 285 751 Varrone
303 693 475 751 litterarum
493 690 669 749 commercio
690 691 875 750 coniunctus.
912 690 948 749 de
968 691 1104 766 epistula,

98 801 188 860 quam
215 780 312 840 Varro
346 783 383 839 ad
412 780 549 838 Servium
577 778 710 854 scripsit,
743 778 857 838 Gellius
882 781 979 855 2,10
1007 782 1105 852 refert,

95 872 180 930 cuius
203 871 296 929 verba
318 868 533 928 transscribere
556 889 574 927 a
597 886 629 925 re
651 886 712 925 non
735 869 867 926 alienum
889 867 1020 928 videtur.

185 953 320 1018 ‘Servius
340 957 500 1034 Sulpicius,
523 957 598 1016 iuris
617 957 712 1017 civilis
731 960 843 1034 auctor,
866 957 1008 1016 virbone
1028 958 1105 1016 litte·

96 1052 180 1108 ratus
206 1047 326 1122 scripsit
354 1047 391 1105 ad
414 1046 454 1104 M.
472 1047 638 1106 Varronem
656 1045 843 1123 rogavitque,
866 1048 901 1103 ut
919 1046 1106 1124 rescriberet,

97 1137 170 1215 quid
189 1136 371 1214 significaret
389 1135 523 1208 verbum,
547 1133 628 1212 quod
646 1134 676 1191 iu
695 1135 837 1193 censoriis
855 1134 941 1193 libris
962 1135 1106 1210 scriptum

97 1229 183 1286 esset.
229 1226 260 1283 id
288 1227 354 1283 erat
378 1225 502 1285 verbum
528 1223 658 1282 »favisae
682 1221 893 1297 capitolinae«.
940 1223 1039 1282 Varro
1062 1241 1105 1282 re·

98 1314 231 1391 scripsit,
259 1314 289 1371 in
318 1312 460 1371 memoria
486 1312 543 1370 sibi
567 1330 644 1386 esse,
672 1311 752 1388 quod
775 1311 808 1380 Q.
833 1309 961 1371 Catulus
984 1316 1106 1372 curator

96 1402 276 1462 restituendi
299 1401 441 1477 Capitolii
463 1400 601 1476 dixisset,
628 1400 760 1459 voluisse
783 1419 814 1459 se
837 1419 938 1459 aream
963 1398 1107 1477 Capitoli·

97 1511 168 1550 nam
191 1491 369 1566 deprimere,
397 1494 433 1548 ut
460 1490 597 1565 pluribus
622 1489 767 1564 gradibus
789 1489 821 1546 in
845 1489 948 1548 aedem
972 1508 1108 1549 conscen-

38 1648 39 1652 η
99 1580 221 1638 deretur
240 1581 460 1656 suggestusque
478 1597 533 1654 pro
552 1578 668 1654 fastigii
686 1578 892 1655 magnitudine
907 1577 998 1637 altior
1013 1579 1105 1656 fieret,

99 1669 151 1728 sed
178 1670 276 1727 facere
304 1667 336 1726 id
361 1686 422 1726 non
449 1668 561 1745 quisse,
593 1666 733 1742 quoniam
761 1667 874 1726 favisae
901 1667 1105 1742 impedissent.

98 1758 128 1816 id
148 1775 213 1816 esse
232 1757 323 1816 cellas
338 1756 483 1835 quasdam
502 1760 532 1814 et
551 1757 705 1830 cisternas,
724 1774 800 1832 quae
815 1757 847 1813 iu
861 1774 932 1814 area
951 1755 1008 1814 sub
1027 1760 1109 1814 terra

99 1850 207 1922 essent,
225 1846 276 1905 ubi
295 1845 400 1921 reponi
419 1845 549 1905 solerent
568 1845 654 1921 sigua
668 1847 779 1922 vetera,
798 1863 874 1920 quae
895 1863 931 1902 ex
946 1863 980 1904 eo
995 1846 1107 1920 templo

31 1965 41 1985 ·
99 1936 231 2010 collapsa
254 1938 355 1994 essent
383 1937 414 1993 et
441 1935 502 1992 alia
525 1933 671 2010 quaedam
694 1933 836 2007 religiosa
859 1951 875 1991 e
898 1933 985 1992 donis
1009 1951 1109 1993 conse·

99 2026 196 2083 cratis.
223 2044 257 2083 ac
272 2024 377 2082 deinde
393 2024 496 2082 eadem
511 2022 642 2097 epistula
655 2025 748 2096 negat
762 2022 891 2098 quidem,
906 2040 937 2079 se
952 2021 984 2079 in
998 2022 1109 2080 litteris

98 2113 259 2191 invenisse,
284 2132 337 2172 cur
359 2113 472 2171 favisae
496 2112 593 2169 dictae
617 2111 689 2180 sint,
713 2110 764 2168 sed
789 2109 821 2180 Q.
841 2110 997 2168 Valerium
1022 2110 1109 2170 Sora·

98 2221 171 2261 num
199 2203 322 2261 solitum
350 2200 447 2259 dicere
476 2201 531 2274 ait,
561 2218 635 2276 quos
662 2201 820 2279 thesauros
847 2198 961 2258 Graeco
989 2200 1109 2258 nomine

99 2291 318 2366 appellaremus
342 2290 453 2363 priscos
473 2288 597 2347 Latinos
620 2288 739 2347 flavisas
764 2287 881 2361 dixisse,
906 2288 987 2364 quod
1009 2289 1041 2346 in
1060 2307 1110 2347 eas

99 2399 158 2438 non
182 2380 255 2437 rude
279 2396 329 2435 aes
354 2381 583 2452 argentumque,
613 2377 664 2435 sed
687 2377 760 2434 flata
783 2376 959 2452 signataque
982 2378 1111 2452 pecunia

100 2468 285 2526 conderetur.
332 2466 498 2525 coniectare
526 2465 621 2542 igitur
650 2485 695 2538 se,
724 2464 892 2524 detractum
920 2483 984 2524 esse
1014 2485 1050 2524 ex
1076 2485 1109 2524 eo

99 2557 189 2614 verbo
214 2555 375 2614 secundam
399 2553 533 2612 litteram
561 2557 592 2613 et
618 2554 728 2613 favisae
757 2572 821 2612 esse
849 2554 940 2612 cellas
964 2554 1111 2630 quasdam

101 2646 131 2702 ct
159 2661 276 2717 specus,
309 2643 416 2720 quibus
445 2643 558 2701 aeditui
589 2641 732 2718 Capitolii
759 2645 916 2701 uterentur
944 2642 983 2701 ad
1012 2647 1111 2702 custo·

101 2731 223 2790 diendas
246 2749 294 2790 res
316 2735 433 2790 veteres
457 2727 633 2809 religiosas?
657 2763 699 2772 —

190 2820 327 2879 Servium
351 2820 548 2895 respondendi
570 2839 693 2880 munere
716 2839 831 2878 summo
856 2819 953 2879 officio
973 2821 1112 2879 functum

100 2927 164 2966 esse
180 2908 282 2968 Cicero
301 2909 407 2985 tradit3
427 2929 495 2968 nam
514 2910 546 2966 in
565 2909 701 2968 oratioue
717 2928 771 2983 pro
785 2909 911 2967 Murena
925 2903 967 2987 (a.
984 2903 1110 2988 691l93

103 2997 205 3056 habita
230 3001 259 3076 4,
279 2989 313 3079 9)
341 2999 413 3056 haec
442 3001 495 3057 ait:
529 2991 570 3057 ³..
593 2997 649 3056 tibi
671 3016 790 3056 necesse
813 3001 915 3075 putas,
944 2997 1038 3056 etiam
1061 2998 1112 3057 ad·

103 3088 242 3146 versariis
266 3088 428 3147 amicorum
451 3094 573 3146 tuorum
597 3087 632 3145 de
655 3086 720 3145 iure
743 3086 965 3146 consulentibus
988 3105 1111 3162 respon-

100 3172 195 3236 dere’.
247 3179 275 3253 9,
301 3179 341 3237 19
377 3171 514 3235 ‘Servius
547 3175 594 3233 hic
621 3221 654 3235 ..
683 3177 759 3233 hanc
790 3176 937 3234 urbanam
970 3175 1112 3233 militiam

100 3265 299 3342 respondendi
323 3265 470 3324 scribendi
488 3263 612 3323 cavendi
630 3265 749 3338 plenam
771 3262 981 3322 sollicitudinis
1001 3268 1032 3322 et
1050 3268 1112 3322 sto·

100 3355 199 3413 machi
227 3359 347 3413 secutus
376 3358 432 3413 est:
466 3354 511 3411 ius
540 3353 627 3410 civile
657 3353 773 3428 didicit,
805 3353 935 3410 multum
962 3353 1112 3429 vigilavit,

100 3442 263 3518 laboravit,
291 3444 394 3501 multis
422 3445 541 3517 praesto
569 3441 640 3516 fuit,
669 3443 832 3501 multorum
860 3441 1024 3500 stultitiam
1045 3460 1113 3517 per-

90 3548 206 3603 pessus
230 3533 288 3607 est,
319 3530 524 3610 arrogantiam
547 3530 689 3608 pertinit,
716 3530 925 3589 difficultatem
949 3529 1113 3606 exsorbuit,
