2422 3840
101 138 145 202 50
181 135 228 192 IV.
249 135 395 192 SEPTIMI
410 134 508 189 SAEO.
524 133 620 189 IURIS
635 133 807 190 CONSULT.
823 134 949 190 scalas
962 133 1113 190 ALTERA

100 305 199 382 legem
220 303 378 364 recitavit?
476 321 582 378 nempe
606 303 670 363 eius
694 304 789 363 omnis
810 304 906 363 oratio
925 307 1047 363 versata
1066 308 1113 364 est

102 394 134 453 in
158 412 202 470 eo,
224 396 260 452 ut
283 393 428 469 scriptum
449 392 613 468 plurimum
635 391 736 452 valere
759 397 897 469 oportere
916 388 1111 453 defenderet’

191 565 238 640 ‘Q
260 570 352 629 Mucii
379 569 532 630 auditores
559 569 683 628 luerunt
711 563 887 644 complures'
912 562 1113 651 (Pomponius

103 657 122 736 ξ
141 654 213 740 42),
241 659 319 718 inter
346 677 420 736 quos
444 661 475 718 et
498 656 600 717 Cicero
625 649 724 738 (Brut.
749 651 840 738 306),
862 658 942 718 inter
964 659 1111 719 iuriscon-

102 748 196 808 sultos
220 740 372 826 ‘Aquilius
395 745 510 823 Gallus,
532 746 645 805 Balbus
668 746 812 823 Lucilius,
835 746 943 807 Sextus
960 747 1112 827 Papirius,

101 837 194 898 Gaius
219 828 310 918 (forte
331 829 433 914 Titus)
455 829 628 896 Iuventius'
653 827 848 917 (Pomponius
871 837 889 895 l.
909 829 958 916 a),
980 838 1110 896 fortasse

102 930 132 987 et
150 925 317 1004 Volcacius,
338 958 376 967 -
397 943 465 982 nam
489 943 565 1000 quae
588 926 667 999 apud
690 924 887 1001 Pomponium
907 924 983 1000 §45
1005 926 1110 1004 legun-

101 1019 165 1075 tiu:
182 1008 302 1075 .‘Aulus
331 1012 494 1072 Cascellius
522 1011 650 1082 Quintus
676 1008 793 1072 Mucius
817 1013 934 1072 Volusii
962 1009 1110 1092 auditor',

101 1104 266 1164 Mommsen
297 1121 333 1161 ex
364 1101 401 1160 iis
434 1119 509 1178 quae
536 1101 651 1160 Plinius
678 1102 707 1162 h.
730 1121 758 1161 n.
783 1104 892 1180 8,40,
913 1104 975 1161 144
1002 1103 1109 1163 refert:

103 1187 288 1253 ‘Volcacium
312 1190 363 1268 qui
382 1188 560 1250 Cascellium
582 1191 629 1249 ius
652 1190 739 1250 civile
759 1183 873 1250 docuit'
892 1192 934 1250 sic
953 1190 1111 1251 scribenda

103 1300 167 1342 esse
190 1279 310 1340 conicit:
334 1273 451 1349 ‘Quinti
473 1279 554 1337 Muci
577 1279 723 1339 auditoris
743 1279 877 1339 Volcacii
901 1273 1044 1357 auditor’,
1068 1311 1106 1322 -

101 1387 290 1447 nequaquam
322 1371 423 1443 autem
455 1367 576 1427 Servius
609 1367 771 1444 Sulpicius,
808 1387 897 1445 quem
927 1368 1110 1446 Pomponius

103 1457 184 1534 §43
214 1456 356 1527 Quintum
383 1456 516 1516 Mucium
546 1457 581 1515 de
608 1475 640 1515 re
669 1457 756 1515 amici
785 1457 968 1517 consuluisse
995 1461 1109 1519 narrat.

101 1546 238 1624 Krueger
260 1567 288 1622 p.
309 1548 359 1607 61.

192 1634 225 1705 Q.
238 1635 370 1693 Mucium
389 1652 449 1693 non
468 1633 564 1693 solum
582 1651 725 1709 respousa
743 1634 868 1708 dedisse,
892 1635 944 1694 sed
962 1635 1055 1694 etiam
1073 1635 1110 1694 de

102 1725 166 1784 iure
186 1724 340 1800 scripsisse
358 1723 503 1782 traditum
521 1725 576 1781 est.
612 1723 648 1781 de
667 1722 741 1781 iuris
760 1723 856 1784 civilis
874 1723 958 1783 libris
977 1727 1109 1802 coustat3

103 1817 135 1873 at
154 1810 231 1894 ὅρων
249 1810 333 1891 liber,
352 1832 439 1890 quem
456 1810 617 1870 Iustiniani
630 1811 755 1890 Digesta
769 1815 801 1870 et
813 1812 901 1871 index
916 1812 1108 1873 Florentinus

103 1920 196 1979 aeque
220 1901 253 1971 Q.
271 1902 368 1961 Mucio
393 1901 569 1973 attribuunt,
594 1900 685 1960 dubia
707 1901 808 1960 movit.
850 1901 980 1978 primum
998 1901 1108 1961 titulus

103 2010 228 2068 maccus
246 1992 345 2052 virum
359 1990 506 2069 quendam
521 1990 644 2048 doctum
657 1980 770 2070 (Pauly
783 1989 968 2067 Realencycl.
979 1989 1017 2067 V,
1029 1982 1107 2072 187)

102 2080 147 2140 ita
165 2080 297 2157 offendit,
314 2083 349 2139 ut
366 2079 475 2139 librum
496 2077 633 2138 Cervidio
649 2077 809 2138 Scaevolae
829 2078 994 2138 attribuere
1012 2079 1107 2139 malit.

102 2173 134 2229 at
153 2169 185 2239 Q.
203 2169 337 2228 Mucium
354 2168 386 2226 in
402 2168 488 2227 nulla
505 2166 566 2224 alia
583 2184 615 2224 re
634 2167 832 2244 graecissasse
850 2167 901 2227 vix
919 2167 978 2226 dici
996 2170 1107 2244 potest.

101 2258 308 2318 definitionum
329 2274 401 2317 vero
424 2272 498 2315 usus
520 2253 657 2330 inprimis
681 2256 762 2330 apud
781 2258 891 2315 stoicos
909 2257 1060 2331 reperitur
1077 2258 1108 2316 et

101 2346 132 2416 Q.
154 2346 271 2405 Mucius
294 2344 371 2403 libro
395 2362 448 2403 suo
473 2340 551 2423 ὅρων
572 2361 681 2402 nomen
704 2345 833 2420 dedisse,
860 2347 896 2403 ut
918 2343 1015 2404 amico
1038 2365 1107 2424 gra·

99 2437 166 2494 tum
188 2434 312 2511 faceret,
340 2435 440 2509 potest
462 2431 572 2508 putari.
617 2436 696 2492 certe
720 2433 853 2493 eiusdem
875 2435 937 2492 fere
960 2434 1106 2510 temporis

100 2522 259 2600 scriptores
281 2521 314 2580 L.
333 2520 442 2581 Accius
465 2519 689 2581 Διδασκαλικῶν
710 2525 740 2581 et
763 2523 980 2603 Πραγματικῶν
1002 2522 1107 2599 libros,

100 2610 231 2671 Soranus
262 2602 446 2670 Ἐποπτίδων
477 2610 583 2685 libros,
615 2610 740 2686 denique
768 2611 897 2670 Laevius
927 2603 1106 2690 Ἐρωτοπαι-

98 2698 192 2779 γνίων
218 2699 311 2759 libros
340 2699 522 2776 scripserunt
550 2690 836 2779 (Teuffel-Schwabe
863 2696 904 2774 ἐξ
930 2701 1001 2771 134,
1023 2703 1052 2773 7,
1072 2703 1108 2776 83

100 2792 222 2867 147,1;
247 2790 318 2864 150,
332 2782 377 2869 4).
423 2785 498 2868 Περὶ
521 2785 599 2867 ὅρων
622 2791 722 2848 autem
746 2788 929 2865 scripserunt
952 2788 1107 2864 Sphaerus

97 2878 211 2938 stoicus
234 2868 335 2958 (Diog.
355 2878 454 2938 Laert.
474 2876 557 2953 VIII,
573 2869 651 2957 178)
678 2880 709 2936 et
732 2875 916 2953 Chrysippus
941 2869 995 2958 (ib.
1016 2870 1105 2956 199).

96 2965 170 3026 alios
198 2967 278 3025 viros
306 2966 408 3026 doctos
436 2964 600 3025 similitudo
631 2965 816 3042 quorundam
844 2966 918 3024 iuris
947 2965 1045 3050 civilis
1074 2971 1108 3025 et

96 3053 174 3135 ὅρων
192 3051 262 3114 libri
281 3054 518 3134 fragmentorum
538 3053 669 3131 offendit,
687 3054 785 3113 itaut
804 3055 990 3114 definitiones
1004 3054 1104 3115 Mucio

96 3144 258 3204 attributas
276 3148 344 3219 post
362 3143 426 3204 eius
444 3151 571 3202 mortem
590 3162 625 3200 ex
643 3138 719 3202 iuris
738 3143 834 3202 civilis
848 3142 935 3202 libris
949 3146 1107 3219 excerptas

96 3251 159 3291 esse
182 3233 358 3292 conicerent.
399 3231 525 3292 LenelI
549 3230 602 3290 col.
624 3233 697 3308 763,
711 3234 740 3291 4.
782 3231 833 3290 sed
856 3251 924 3290 cum
942 3234 1105 3309 utrumque

96 3339 171 3397 opus
193 3324 292 3382 totum
315 3323 361 3380 ius
385 3321 473 3380 civile
496 3320 756 3395 complecteretur,
784 3321 904 3380 easdem
926 3338 974 3379 res
996 3321 1105 3380 iisdem

94 3410 144 3470 vel
171 3410 319 3469 similibus
347 3410 446 3470 verbis
473 3409 505 3467 in
534 3412 660 3484 utroque
686 3427 703 3467 a
726 3409 823 3468 Mucio
848 3409 1014 3486 descriptas
1038 3428 1106 3469 esse

93 3499 203 3558 mirum
226 3502 359 3558 nonest.
