2422 3840
395 173 437 224 13.
462 167 643 224 PAOUVIUS
663 170 783 225 LABEO
1018 122 1093 236 '271

329 435 397 517 13.
435 441 669 515 Pacuvius
697 443 854 516 LABEO

172 602 270 662 Servii
302 603 481 678 discipulus,
513 622 581 663 oum
613 604 716 664 Sinnio
745 604 890 680 Capitone
921 606 1093 665 litterarum

77 692 259 750 commercio
283 695 459 751 coniunctus
482 684 575 773 (Gall.
591 695 619 769 5,
635 696 686 770 21,
701 696 734 753 9:
763 693 848 752 Sinni
870 695 977 771 inquit,
1008 695 1094 770 Capi·

76 781 160 840 tonis
188 780 356 840 doctissimi
382 780 442 838 viri
471 782 619 856 epistulae
647 786 718 841 sunt
740 802 800 842 uno
824 784 856 841 in
879 783 955 843 libro
979 786 1093 844 multae

77 869 212 945 positae,
236 869 355 946 opinor,
378 869 545 946 intemplo
569 870 665 931 Pacis.
705 871 803 948 prima
827 872 957 947 epistula
981 873 1094 950 scripta

78 961 126 1016 est
155 959 195 1016 ad
218 957 382 1017 Pacuvium
405 957 589 1036 Labeonem,
618 961 666 1018 cni
688 961 798 1019 titulus
821 962 1025 1036 praescriptus
1048 966 1095 1021 est

80 1039 199 1123 ‘pluria
225 1064 285 1105 non
312 1047 402 1122 plura
429 1046 489 1106 dici
517 1043 640 1106 debere’
664 1094 671 1107 .
695 1049 727 1106 in
751 1068 785 1108 ea
809 1051 939 1125 epistula
962 1051 1093 1110 rationes

78 1135 295 1213 grammaticas
326 1134 440 1212 posuit,
476 1156 530 1211 per
562 1155 636 1212 quas
670 1137 756 1197 docet
788 1132 918 1214 ‘pluria’
951 1139 1095 1197 Latinum

80 1242 159 1299 esse,
194 1216 313 1300 ‘plura’
345 1218 534 1303 barbarum),
567 1224 656 1284 Bruti
688 1228 802 1286 amicus
835 1232 865 1286 et
898 1247 965 1286 oum
998 1247 1032 1287 eo
1063 1229 1094 1286 in

80 1311 241 1373 Gaesarem
273 1312 460 1389 coniuratus,
496 1311 623 1373 Caesare
655 1315 812 1375 interfecto
845 1315 932 1374 Bruti
965 1317 1093 1394 legatus,

79 1402 132 1477 qui
159 1405 229 1477 post
256 1402 372 1461 cladem
394 1401 618 1478 Philippensem
643 1398 767 1483 712l42
792 1424 822 1464 se
846 1406 910 1481 ipse
933 1406 1093 1482 interfecit,

78 1490 209 1550 Antistii
232 1490 380 1550 Labeonis
403 1495 499 1566 pater.

170 1578 353 1655 Pomponius
368 1576 387 1654 ξ
403 1581 446 1639 44
464 1578 629 1640 Pacuvium
644 1582 814 1640 Labeonem
832 1583 911 1641 inter
930 1603 979 1642 eos
997 1583 1094 1644 Servii

81 1669 237 1728 auditores
264 1669 411 1746 nominat,
439 1668 491 1744 qui
517 1669 611 1727 libros
639 1671 876 1745 conscripserunt
903 1675 941 1732 ab
970 1673 1091 1732 Aufidio

78 1757 217 1816 Namusa
251 1757 284 1815 in
314 1777 409 1816 unum
441 1777 548 1834 corpus
581 1757 723 1835 digestos.
778 1778 814 1817 ex
846 1760 936 1818 huius
969 1761 1094 1820 Pacuvii

79 1845 166 1904 libris
189 1846 360 1924 fragmenta
383 1846 499 1922 aliquot
523 1850 643 1905 servata
665 1865 730 1906 esse
754 1849 887 1906 conicere
910 1849 994 1908 licet:
1023 1869 1093 1908 nam

80 1935 111 1993 in
129 1935 299 1993 Justiniani
317 1935 453 2010 Digestis
468 1929 639 1994 ‘Paeonius'
659 1935 782 2012 quidam
801 1936 945 1995 laudatur
960 1943 1091 1996 ceterum

79 2025 213 2101 ignotus,
235 2023 267 2082 in
290 2024 356 2082 aliis
381 2022 471 2084 (lodd.
496 2017 668 2083 ‘Pacuuius’
692 2025 742 2083 vel
765 2018 936 2084 ‘Pacuvius'
961 2026 1092 2084 nomina-

79 2116 139 2171 tus.
179 2112 342 2171 Paconium
365 2132 435 2172 vcro
459 2112 585 2171 laudant
608 2115 639 2172 et
660 2112 774 2172 Paulus
797 2108 847 2190 (D.
868 2115 919 2187 37,
936 2116 986 2186 12,
1002 2106 1092 2195 3pr.)

79 2206 111 2259 et
128 2200 278 2276 Ulpianus
297 2193 347 2282 (D.
365 2203 414 2279 13,
430 2203 459 2277 6,
476 2207 503 2280 l,
521 2195 563 2282 1),
586 2202 638 2260 ille
661 2202 738 2261 libro
758 2205 862 2261 octavo
882 2203 920 2260 ad
938 2202 1090 2260 Plautium

80 2283 128 2369 (P.
146 2281 256 2369 1150),
280 2290 328 2348 hic
350 2290 428 2349 libro
446 2290 587 2350 vicesimo
607 2293 712 2350 octavo
731 2290 770 2348 ad
788 2291 918 2349 edictum
939 2289 985 2371 (P.
1002 2283 1090 2372 798).

78 2378 204 2456 Paulus,
226 2378 286 2454 qui,
302 2377 396 2453 ipsius
415 2379 536 2439 Paeonii
558 2382 651 2439 verba
671 2381 766 2453 affert,
790 2381 917 2438 fortasse
936 2380 1091 2439 Plautium

79 2469 202 2526 secutus
230 2469 284 2528 est.
330 2466 466 2545 Krueger
483 2489 511 2543 p.
533 2470 605 2528 157.
650 2488 698 2528 res
721 2469 818 2547 ipsae,
846 2488 920 2544 quas
942 2469 1090 2528 Paconius

77 2559 203 2633 tractat,
225 2555 352 2615 Pacuvii
374 2557 558 2632 temporibus
581 2577 641 2616 non
664 2561 840 2635 repugnant.
885 2558 986 2635 itaque
1009 2559 1090 2636 frag·

77 2647 182 2704 menta
205 2645 259 2703 illa
280 2663 338 2703 non
356 2643 495 2721 Pacuvio,
519 2645 571 2704 scd
593 2645 697 2722 ignoto
721 2647 839 2705 cuidam
858 2647 987 2706 Paconio
1010 2648 1089 2706 haud

78 2733 239 2810 quisquam
261 2734 349 2793 facile
372 2734 528 2793 attribuet.

170 2821 298 2897 Scripsit
315 2822 465 2882 Pacuvius
488 2823 614 2882 fortasse
634 2823 671 2881 ad
691 2823 821 2882 edictum
840 2824 996 2901 praetoris,
1019 2843 1089 2884 nam

79 2911 217 2987 quaeda
241 2912 395 2970 sententiis
420 2911 485 2970 eius
508 2906 689 2988 referuntur,
713 2912 751 2969 ad
772 2912 802 2970 id
820 2914 979 2988 pertinent.
1022 2932 1089 2971 cum

78 2999 230 3060 Pacuvius
253 2999 333 3058 cirea
357 3019 383 3058 a.
403 2994 529 3079 669l58
552 3003 642 3059 natus
661 3001 701 3058 sit
720 2991 871 3080 (Pernicez
890 3001 989 3060 Labeo
1004 3001 1027 3072 1,
1045 2993 1088 3082 9),

79 3086 232 3148 Ciceronis
258 3088 351 3149 verba
379 3079 430 3168 (de
453 3089 639 3167 legib.1,5,
661 3080 716 3170 17)
749 3089 784 3147 de
813 3083 1004 3165 ‘plerisque'‚
1037 3091 1088 3165 qui

58 3170 190 3236 -‘nnne'
223 3196 242 3236 a
272 3176 418 3252 praetoris
452 3177 548 3237 edicto
577 3177 773 3236 hauriendam
799 3177 873 3236 iuris
901 3177 1087 3252 disciplinam

78 3269 200 3343 putent,
236 3284 296 3326 non
331 3266 419 3324 mode
455 3266 494 3324 ad
524 3268 624 3342 ipsum
656 3265 804 3342 Servium,
842 3266 894 3325 sed
926 3266 1016 3324 etiam
1050 3267 1088 3324 ad

77 3354 158 3414 hunc
196 3355 260 3414 eius
297 3354 479 3430 discipulum
515 3355 620 3414 referri
655 3356 789 3432 possint,
828 3355 885 3433 uui
912 3348 1100 3428 6111511511

76 3443 260 3516 trigesimum
283 3461 394 3502 annum
417 3445 532 3506 aetatis
555 3447 620 3507 iam
644 3448 864 3527 superauerat.
