2422 3840
278 180 302 229 7.
315 172 359 241 Ὀ.
377 172 512 230 Muclus
531 175 561 231 P.
576 175 606 229 F.
621 174 650 230 P.
663 173 698 228 N.
714 174 903 232 SCADVOLA
1051 177 1094 241 95

79 343 117 402 de
139 342 272 402 fratrum
297 343 446 403 consortio
468 343 524 402 hoc
547 343 612 403 loco
635 362 704 402 eum
726 347 885 423 tractasse,
911 335 1092 421 Pomponius

77 431 116 491 D.
136 434 189 508 29,
208 433 240 509 2,
260 433 301 492 78
323 432 445 491 indicat.

170 521 314 581 Fortasse
332 520 467 581 conicere
483 520 563 598 licet,
580 520 713 580 Mucium
731 522 787 580 hoc
805 522 870 581 loco
886 523 978 580 etiam
992 523 1028 581 de
1042 542 1092 599 po-

77 609 160 686 pulis
180 609 269 669 sociis
288 609 466 686 disputasse.
507 607 678 670 Ciceronem
698 613 777 669 certe
796 610 827 669 in
845 611 962 688 legibue
982 612 1092 671 civium

77 698 286 758 Romanorum
308 698 408 758 officia
430 698 509 757 circa
530 698 626 758 socios
649 718 708 757 non
730 700 893 774 praeterire
914 700 1042 759 vidimus
1062 704 1093 759 et

76 787 178 863 ipsum
195 787 332 847 Mucium
354 787 414 846 alio
437 787 502 846 loco
526 786 741 847 defoederatis
760 788 879 864 populis
899 789 995 864 egisse
1014 790 1090 850 veri-

78 876 177 935 simile
201 878 277 936 est·
303 875 338 936 cf.
362 876 443 934 infra
465 895 493 952 p.
516 879 565 936 96.
612 877 684 952 quid
707 877 733 934 si
754 877 888 936 Mucium
912 877 1000 953 cives,
1024 896 1092 936 cum

78 967 187 1024 contra
201 963 343 1042 ,foederis
368 964 568 1025 conditionem
590 963 707 1024 Latinis
730 966 777 1025 usi
800 969 913 1043 essent,
941 967 1091 1025 monuisse

79 1056 264 1131 statuamus,
282 1057 387 1114 contra
404 1056 543 1112 naturam
558 1054 710 1112 societatis
726 1073 799 1130 esse,
817 1057 854 1113 ut
867 1056 934 1129 quis
948 1055 1091 1115 maiorem

77 1146 198 1221 partem
226 1143 373 1218 lucretur,
400 1142 545 1201 minorem
569 1142 669 1200 damni
691 1143 843 1218 praestet?
889 1147 969 1202 certe
992 1145 1091 1219 legem

76 1233 164 1291 illam
187 1231 335 1291 Liciniam
357 1230 488 1290 Muciam
512 1250 538 1291 a
558 1224 673 1308 caelet
698 1232 800 1309 latam,
827 1251 903 1308 quae
926 1232 1049 1291 Latinos
1072 1252 1090 1291 a

78 1321 197 1380 civibus
216 1339 354 1396 separare
370 1320 467 1396 iussit,
486 1319 592 1378 melius
606 1320 796 1396 intelligitur,
816 1322 841 1379 ei
855 1321 988 1379 Mucium
1002 1321 1090 1380 sociis

78 1428 200 1487 quoque
225 1428 312 1468 suum
334 1409 427 1468 tribui
451 1409 514 1468 sine
533 1408 637 1467 fraude
657 1409 763 1468 debere
782 1409 926 1469 sumimus
945 1409 1090 1469 docuisse.

169 1509 211 1575 1?
230 1510 269 1575 D.
284 1510 336 1590 29,
350 1511 381 1594 2,
396 1511 447 1574 78.
473 1509 564 1573 Idem
579 1506 805 1597 (Pomponius)
819 1511 903 1575 libro
917 1511 1086 1595 trigesimo

79 1600 194 1684 quinto
229 1599 269 1663 ad
302 1599 458 1675 Quintum
485 1597 628 1663 Mucium
655 1597 704 1684 (P.
728 1597 818 1686 315).
868 1600 939 1663 Duo
972 1599 1090 1664 fratres

80 1689 220 1770 fuerant,
243 1688 330 1751 bona
352 1687 535 1752 communia
557 1688 749 1771 habuerunt3
773 1710 883 1752 eorum
907 1690 989 1752 alter
1009 1689 1090 1752 inte-

81 1781 168 1842 stato
201 1780 350 1841 mortuus
383 1798 475 1840 suum
502 1775 653 1840 heredem
681 1798 745 1839 non
773 1777 958 1861 reliquerat3
990 1777 1091 1841 frater

81 1866 136 1950 qni
161 1869 331 1949 supererat
352 1865 485 1929 nolebat
507 1865 535 1928 ei
558 1865 651 1929 heres
673 1886 751 1927 esse.
792 1865 989 1945 consulebat,
1012 1888 1089 1931 num

81 1955 122 2018 ob
161 1976 236 2018 eam
272 1975 354 2035 rem,
390 1952 476 2037 quod
508 1952 745 2034 communibus,
782 1974 854 2017 cum
888 1954 984 2017 sciret
1016 1977 1088 2018 eum

79 2047 247 2108 mortuum
280 2063 363 2125 esse,
400 2064 477 2106 usus
510 2046 608 2124 esset,
642 2041 814 2104 hereditati
847 2062 880 2104 se
913 2042 1089 2124 alligasset.

79 2131 264 2215 respondit,
291 2131 354 2195 nisi
383 2152 419 2194 eo
444 2131 579 2195 oonsilio
603 2151 679 2194 usus
705 2133 801 2208 esset,
828 2130 912 2213 quod
936 2131 1032 2194 vellet
1056 2153 1089 2194 se

78 2219 231 2285 heredem
256 2241 339 2304 esse,
361 2241 427 2283 non
451 2217 639 2303 adstringi.1

74 2333 77 2340 '
168 2322 262 2381 Mucii
288 2341 463 2398 responsum
486 2341 551 2380 esse
575 2327 646 2381 sunt
669 2323 721 2399 qui
743 2325 861 2398 putent3
890 2321 969 2398 quod
992 2341 1088 2398 neque

77 2411 216 2472 convInoi
244 2429 341 2488 neque
368 2411 510 2488 redargui
536 2414 643 2486 potest.
695 2412 873 2470 conferenda
901 2414 971 2469 sunt
998 2412 1090 2471 rerba

77 2521 154 2578 quae
179 2500 261 2576 apud
280 2499 452 2560 Ciceronem
475 2499 511 2558 de
534 2500 591 2574 leg.
612 2503 641 2576 2,
658 2503 707 2577 19,
722 2503 763 2558 47
787 2501 929 2578 leguntur
953 2494 1016 2576 ‘qui
1040 2502 1089 2559 ad-

77 2590 269 2667 stringantur
291 2583 393 2648 sacris'
416 2593 447 2647 et
464 2587 535 2647 ibid.
554 2591 582 2665 2,
598 2591 648 2666 20,
665 2591 706 2648 50
726 2583 828 2648 ‘sacris
847 2609 884 2647 ne
904 2584 1088 2664 alligentur'.

168 2692 216 2754 2³.
240 2689 278 2754 D.
295 2691 345 2767 17,
364 2691 394 2774 2,
413 2690 464 2754 30.
506 2689 625 2754 Paulus
648 2691 731 2754 libro
756 2693 846 2754 sexto
871 2690 911 2752 ad
936 2687 1089 2754 Sabinum

78 2778 128 2862 (P.
155 2774 267 2865 1732).
316 2777 441 2842 Mucius
474 2777 557 2842 libro
589 2782 704 2864 quarto
732 2779 854 2843 decimo
884 2779 997 2843 scribit
1023 2802 1088 2844 non

77 2891 175 2952 posse
204 2867 392 2932 societatem
421 2867 514 2952 coiri,
541 2871 579 2931 ut
606 2868 702 2931 aliem
731 2867 853 2951 damni,
882 2867 979 2932 aliam
1006 2869 1086 2932 lueri

77 2962 207 3042 partem
231 2955 337 3021 socius
360 2955 451 3020 ferat.

168 3042 218 3110 2¹⁰.
248 3044 318 3109 Gai.
335 3043 393 3126 III,
410 3045 481 3109 149.
522 3043 640 3130 Magna
660 3049 767 3108 autem
787 3045 932 3127 quaestio
952 3044 1022 3126 fuit,
1046 3067 1087 3107 an

78 3136 125 3198 ita
164 3134 245 3198 coiri
276 3133 381 3217 possit
414 3136 566 3214 societas,
602 3138 639 3197 ut
672 3134 742 3217 quis
775 3133 930 3198 maiorem
963 3138 1087 3214 partem

78 3224 239 3304 lueretur,
269 3222 425 3285 minorem
455 3223 563 3286 damni
590 3227 740 3305 praestet.
787 3223 870 3304 quod
900 3221 937 3296 Q.
963 3222 1087 3284 Mucius

78 3312 215 3394 <contra
238 3315 386 3374 naturam
411 3313 573 3375 societatis
598 3333 667 3374 esse
691 3309 918 3392 existimavit).

153 3483 167 3531 1
187 3476 335 3547 Sequentia
352 3477 433 3530 cerba
453 3474 560 3546 ‘itaque
580 3492 676 3529 cavero
694 3475 787 3540 debet,
805 3491 840 3528 ne
860 3473 962 3543 quain
981 3492 1010 3528 re
1025 3475 1088 3542 plue

79 3565 129 3603 sua
148 3549 229 3617 purte
248 3547 465 3603 dominationem
484 3548 685 3619 interponeret'
708 3554 802 3622 operte
821 3547 972 3620 Pomponii
990 3552 1067 3600 saut.
