2422 3840
382 167 405 214 1.
429 160 458 214 P.
475 159 638 253 chunnos
657 159 778 216 vlnus
1018 161 1082 225 287

78 325 278 408 singulorum
298 322 438 387 iudicum
462 325 600 388 mutatio
625 323 758 386 eandem
781 345 849 388 rem
870 346 913 388 an
931 325 1017 390 aliud
1036 326 1081 389 iu-

78 413 196 476 dicium
216 412 354 476 fecisset.
390 411 550 495 respondi,
568 417 635 475 non
654 412 748 476 modo
768 413 797 476 si
816 435 897 476 unus
917 418 973 477 aut
992 414 1083 494 alter,

77 501 133 565 sed
165 504 196 563 et
220 502 246 564 si
270 522 381 566 omnes
404 499 525 565 iudices
549 500 665 564 mutati
689 507 804 583 essent,
826 505 937 566 tamen
961 506 993 566 et
1015 524 1083 566 rem

77 590 211 655 eandem
239 593 271 652 et
298 589 453 654 iudicium
480 589 564 653 idem
593 588 677 673 quod
701 594 797 653 antea
819 589 935 654 fuisset
960 613 1083 674 perma-

77 701 165 761 nere,
193 700 295 763 neque
324 679 357 741 in
385 679 447 742 hoc
471 678 575 742 solum
599 678 738 760 evenire,
766 683 802 742 ut
831 679 976 763 partibus
1001 702 1084 744 com-

77 769 212 833 mutatis
231 767 342 831 eadem
362 789 411 830 res
431 788 501 830 erse
521 765 769 850 existimaretur,
793 769 848 832 sed
868 769 953 832 etin
972 769 1084 832 multis

77 858 190 920 ceteris
222 859 331 938 rebus,
364 877 440 919 nan1
473 859 505 918 et
534 854 697 940 legionem
725 857 858 920 eandem
889 857 1014 938 haberi,
1046 879 1085 921 ex

77 968 140 1029 qua
163 944 257 1009 multi
281 945 501 1026 decessissent,
524 965 660 1028 quorum
683 943 718 1009 in
741 944 845 1009 locum
870 945 927 1008 alii
950 946 1085 1023 subiecti

77 1040 197 1119 essent,
231 1039 262 1097 et
289 1034 443 1116 populum
472 1033 606 1097 eundem
636 1032 695 1097 hoc
723 1036 867 1118 tempore
895 1035 1001 1117 putari
1030 1034 1085 1118 qui

78 1123 193 1187 abhinc
217 1126 345 1186 centum
369 1122 462 1185 annis
484 1121 632 1204 fuissent,
655 1142 727 1186 cum
752 1144 790 1186 ex
814 1123 859 1186 eis
881 1144 976 1186 nemo
999 1144 1084 1187 nunc

77 1214 216 1295 viveret,
243 1212 383 1293 itemque
410 1232 540 1294 navem,
568 1209 596 1274 si
623 1210 702 1275 adeo
727 1232 822 1295 saepe
846 1211 966 1276 refecta
990 1215 1083 1294 esset,

77 1304 114 1363 ut
145 1300 236 1364 nulla
267 1299 380 1363 tabula
412 1298 522 1362 eadem
554 1302 757 1383 permaneret
790 1322 870 1383 quae
903 1323 986 1365 non·
1001 1322 1084 1364 nova

77 1389 206 1471 fuisset,
233 1388 335 1452 nihilo
364 1386 470 1452 minus
499 1388 633 1453 eandem
659 1387 774 1453 navem
804 1411 873 1462 esse
897 1388 1084 1453 existimari.

78 1478 164 1562 quod
192 1478 220 1541 si
248 1477 320 1560 quis
343 1480 472 1561 putaret
495 1477 643 1561 partibus
666 1478 873 1542 commutatis
897 1479 994 1542 aliam
1016 1499 1085 1541 rem

77 1567 156 1650 fieri,
174 1566 243 1630 iore
262 1570 299 1630 ut
313 1587 352 1630 ex
365 1565 433 1629 eius
447 1566 572 1629 ratione
587 1587 646 1630 nos
660 1566 724 1649 ipsi
743 1588 808 1630 non
827 1565 922 1632 iidem
942 1587 1084 1630 essemus

78 1657 134 1740 qui
157 1655 275 1719 abhinc
300 1676 383 1718 anno
406 1654 587 1738 fuissemus,
610 1660 780 1737 propterea
803 1654 897 1739 quod,
920 1660 957 1720 ut
980 1656 1084 1739 philo·

79 1744 173 1829 sophi
197 1743 348 1827 dicerent,
372 1765 409 1806 ex
434 1743 550 1827 quibus
573 1743 741 1826 particulis
765 1744 907 1808 minimis
929 1745 1085 1808 consiste-

78 1854 198 1913 remus,
235 1832 295 1895 hae
333 1831 466 1896 cottidie
503 1852 541 1894 ex
577 1835 689 1895 nostro
727 1852 859 1916 corpore
898 1831 1085 1896 decederent

79 1921 224 2004 aliaeque
247 1920 444 1984 extrinsecus
467 1920 502 1983 in
526 1942 634 1985 earum
654 1920 760 1984 locum
780 1920 974 1985 accederent.
1007 1942 1086 2004 qua-

78 2014 211 2092 propter
234 2009 324 2074 cuius
347 2009 540 2093 reispecies
564 2008 674 2072 eadem
698 2011 898 2093 consisteret,
920 2030 988 2072 rem
1008 2030 1084 2093 quo-

80 2118 140 2180 que
164 2097 296 2175 eandem
321 2119 391 2161 esse
414 2097 599 2161 existimari.

370 2262 414 2318 De
431 2264 536 2318 arbitro
553 2263 795 2331 comprmnissorio.

172 2364 220 2427 13.
243 2362 282 2426 D.
296 2363 327 2445 4,
342 2363 372 2447 8,
385 2363 437 2428 50.
464 2362 601 2428 Alfenus
615 2363 698 2427 libro
714 2364 851 2448 septimo
867 2361 1085 2448 Digestorum.

80 2452 212 2516 Arbiter
236 2473 274 2514 ex
293 2453 525 2535 compromisso
545 2455 694 2536 sumptus
713 2472 786 2515 oum
806 2455 880 2516 ante
900 2473 971 2515 eum
991 2451 1086 2534 diem,

80 2541 134 2624 qui
162 2541 357 2605 constitutus
386 2541 619 2623 compromisso
648 2544 730 2623 eret,
758 2539 953 2605 sententiam
982 2540 1085 2604 dicere

79 2652 145 2693 non
169 2635 291 2713 posset,
319 2629 403 2693 diem
427 2629 650 2712 compromissi
668 2628 804 2712 proferri
822 2629 969 2694 iusserat.
1004 2629 1085 2692 alter

81 2741 119 2782 ex
141 2718 361 2801 litigatoribus
385 2718 470 2781 dicto
495 2716 626 2782 audiens
650 2739 713 2782 non
736 2716 850 2782 fuerat.
895 2718 1086 2782 consuleba-

79 2811 133 2871 tur
167 2810 318 2889 possetne
351 2807 390 2870 eb
424 2827 461 2870 eo
494 2805 629 2891 pecunia
666 2827 704 2870 ex
741 2807 974 2891 compromisso
1010 2806 1085 2890 peti.

80 2896 233 2978 respondi
255 2916 321 2958 non
344 2916 448 2979 posse,
471 2895 542 2960 ideo
566 2894 651 2978 quod
674 2917 739 2960 non
763 2899 848 2960 esset
871 2895 993 2959 arbitro
1017 2916 1085 2977 per·

51 2991 54 2996 '
80 2986 229 3063 missum,
253 2987 288 3047 ut
310 2983 343 3047 id
365 2984 497 3047 iuberet.

306 3147 349 3201 De
367 3149 474 3219 arpenti
488 3149 558 3217 puri
572 3150 639 3216 puli
655 3149 862 3218 sipnificatione.

171 3250 222 3313 14.
255 3247 337 3312 Gell.
357 3247 438 3330 ue,
460 3249 487 3313 1.
515 3284 551 3293 -
577 3249 612 3312 iu
632 3248 762 3331 foedere,
789 3251 871 3330 qreod
892 3249 970 3313 inter
986 3268 1085 3330 popu-

81 3339 146 3402 lum
178 3337 355 3402 Romanum
391 3342 419 3401 ct
449 3335 717 3421 Cartbapiuienses
745 3338 903 3421 factumst,
939 3339 1086 3419 scriptum

80 3428 248 3504 invenitur,
275 3432 311 3489 ut
333 3425 600 3509 Corttapinienses
626 3428 791 3508 qrcotonnis
806 3427 921 3509 populo
943 3427 1085 3491 Romano

81 3517 192 3580 durent
213 3519 326 3579 eertum
342 3517 467 3596 pondus
489 3516 609 3599 arpenti
627 3517 705 3599 puri
726 3516 808 3598 puti.
848 3516 1033 3595 quaestines
1054 3513 1119 3577 ests
