2422 3840
190 259 193 265 p
336 181 377 232 rc.
400 176 829 250 <e.>uuu11›1usuruusu
1019 176 1082 253 217
1184 239 1187 245 ,

117 363 169 423 Ea
192 364 288 423 muium
309 363 353 422 oet
375 379 410 422 ou
431 365 557 435 sequenti
580 364 652 422 libro
675 380 763 436 oeque
785 364 878 436 tepula
900 366 1044 424 tractanti.

358 478 402 533 De
418 479 503 546 foudi
519 479 698 534 instrumento
716 479 810 547 leucio.

168 589 198 653 2.
222 587 261 652 D.
280 588 337 666 33,
356 589 391 669 7,
411 588 453 652 12
470 610 518 673 pr.
563 587 723 671 Ulpianus
756 587 839 652 libro
866 588 1017 652 vicesimo
1044 588 1084 652 ad

77 674 235 742 Sabinum
264 672 314 762 (P.
337 672 448 762 2609).
497 675 686 752 Quaesitum
720 680 782 759 est,
814 698 856 740 au
887 677 1085 741 frumentum

79 765 166 850 quod
203 764 344 830 cibariis·
366 765 524 829 cultorum
555 770 704 850 paratum
737 764 834 849 foret,
869 765 1085 830 instrumento

78 855 215 919 cederet.
258 857 290 918 et
306 852 453 937 plurimis
472 875 536 918 non
555 854 670 938 placet,
693 853 769 939 quia
788 858 1084 918 consumeretur

79 941 137 1008 sed
175 962 236 1027 ego
273 948 352 1027 puto
388 946 420 1006 el
455 941 653 1007 frumentum
684 947 717 1007 et
748 943 859 1006 vinum
894 943 933 1007 ad
965 942 1086 1007 cibaria

78 1037 231 1116 paratum
250 1031 464 1095 instrumento
484 1031 649 1112 contineri,
673 1031 769 1095 etita
788 1027 934 1095 Servium
954 1053 1086 1114 respon-

79 1120 166 1184 disse
190 1119 353 1184 auditores
376 1121 445 1184 eius
468 1120 618 1184 referunt.

169 1208 200 1274 3.
232 1207 271 1272 D.
290 1208 347 1293 33,
366 1210 395 1290 l,
420 1209 475 1291 12,
494 1209 589 1273 3-6.
636 1207 797 1293 Ulpianus
824 1209 900 1272 ibid.
927 1245 964 1255 -
990 1230 1086 1293 quae-

79 1296 179 1379 ritur,
216 1319 258 1361 an
294 1318 420 1381 servus,
456 1297 510 1381 qui
542 1296 635 1380 quasi
666 1297 799 1362 colonus
830 1298 866 1361 in
898 1318 976 1381 agro
1009 1300 1087 1380 erat,

78 1386 299 1450 instrumento
322 1386 424 1470 legati
446 1386 657 1450 contineatur.
700 1392 733 1450 et
755 1385 863 1451 Labeo
887 1390 919 1450 et
940 1384 1087 1469 Pegasus

80 1524 115 1539 ..
149 1471 348 1557 negaierunt
378 1523 412 1538 ..
445 1475 634 1538 saltuarium
671 1479 779 1539 autem
814 1474 921 1539 Labeo
945 1474 1087 1558 quidem

49 1562 53 1569 ’
80 1566 178 1646 putat
196 1584 269 1626 eum
289 1562 415 1626 demum
435 1564 591 1627 contineri
610 1564 664 1647 qui
680 1562 842 1628 fructuum
858 1565 1086 1628 servandorum

80 1651 192 1734 gratia
214 1655 347 1735 paratus
372 1653 427 1730 sit,
453 1674 524 1715 eum
547 1674 626 1734 nou,
650 1653 705 1734 qui
727 1651 841 1717 finium
865 1653 1086 1735 custodiendo·

79 1761 155 1804 rum
183 1760 293 1821 causa,
325 1740 380 1804 sed
407 1738 559 1805 Neratius
590 1740 686 1804 etiam
714 1739 800 1806 hunc
915 1740 1087 1804 Trebatius
1126 1820 1129 1825 Α

81 1827 224 1911 amplius
260 1828 359 1892 etiam
390 1828 547 1913 pistorem
580 1834 613 1892 et
643 1833 820 1912 tonsorem,
857 1830 912 1912 qui
942 1828 1087 1893 familiae

79 1916 223 1980 melicae
259 1937 356 1980 causa
391 1918 499 2002 parati
536 1921 624 1997 sunt,
665 1920 761 1999 putat
796 1917 969 1998 contineri,
1008 1918 1086 1980 item

79 2003 226 2088 fabrum,
258 2005 313 2089 qui
344 2005 441 2070 villae
469 2005 657 2070 reficiendae
684 2026 780 2069 causa
807 2011 940 2087 paratus
969 2006 1023 2082 sit,
1056 2011 1087 2068 et

80 2092 244 2175 mulieres,
265 2115 345 2177 quae
365 2099 482 2177 pan'em
501 2097 641 2178 coquant
658 2115 801 2178 quaeque
819 2092 927 2156 villam
947 2097 1086 2176 servent3
1150 2096 1155 2104 ’

80 2182 160 2245 item
185 2179 360 2262 molitores,
384 2184 411 2246 si
433 2183 473 2247 ad
491 2205 585 2248 usum
603 2183 758 2246 rusticum
776 2181 883 2266 parati
902 2186 985 2260 sunt,
1008 2182 1087 2245 item

80 2269 239 2350 focariam
271 2274 304 2335 et
334 2271 478 2344 silicam,
513 2271 541 2335 si
572 2271 668 2336 modo
701 2271 810 2355 aliquo
844 2269 951 2334 officio
983 2270 1087 2333 virum

81 2358 228 2441 adiuvet,
247 2358 324 2423 item
344 2359 489 2423 lanifioas
507 2382 588 2444 quae
606 2359 764 2425 familiam
778 2359 932 2423 rusticam
947 2359 1089 2443 vestiunt

82 2450 116 2511 et
140 2468 222 2531 quae
245 2447 462 2531 pulmentaria
485 2449 613 2513 rusticis
637 2452 786 2534 coquant.

173 2533 236 2599 Sed
276 2558 317 2600 an
358 2537 564 2601 instrumenti
604 2538 853 2601 instrumentum
893 2535 1001 2620 legato
1039 2536 1088 2599 in-

82 2626 264 2688 strument-o
303 2626 499 2707 continetur,
541 2627 720 2709 quaeritur:
761 2626 840 2690 baec
881 2626 965 2689 enirn
1007 2646 1088 2709 quae

80 2716 277 2777 rusticorum
304 2734 400 2778 causa
427 2718 582 2798 parantur
606 2713 768 2794 [lanificae
791 2719 824 2778 et
846 2712 939 2777 lanae
962 2717 995 2776 et
1016 2719 1088 2777 ton·

82 2821 172 2865 sores
192 2805 225 2866 el
241 2800 381 2866 fullones
401 2806 434 2866 et
452 2801 615 2886 focariae],
633 2824 698 2866 non
718 2803 788 2886 agri
807 2806 883 2866 eunt
896 2803 1088 2865 instrumen-
1153 2812 1157 2820 ’

80 2892 166 2971 tum,
203 2889 258 2954 sed
293 2889 505 2955 instrumenti.
562 2894 641 2973 puto
673 2891 773 2975 igitur
805 2892 902 2954 etiam
934 2890 1089 2954 focariam

82 2978 255 3062 contineri,
283 2977 339 3043 sed
363 2982 396 3042 et
418 2978 564 3043 lanifioas
595 2983 628 3042 et
651 2987 788 3061 ceteros,
816 2978 871 3061 qui
894 3000 991 3062 supra
1013 2999 1088 3041 enu-

81 3067 200 3130 merati
237 3074 324 3148 sunt,
361 3071 395 3131 et
429 3067 477 3132 ita
509 3065 654 3131 Servium
686 3068 891 3151 respondisse
924 3066 1088 3129 auditores

81 3155 151 3218 eius
175 3154 329 3219 referunt.

467 3250 511 3306 De
529 3251 590 3306 dote
607 3251 703 3319 lepotn:

172 3350 202 3414 3.
225 3348 263 3413 D.
278 3350 409 3432 33,·4,6,
422 3353 450 3415 1.
486 3349 595 3415 Labeo
614 3351 696 3414 libro
717 3348 857 3414 secundo
875 3348 1089 3431 posteriorum

82 3435 276 3503 aJavoleno
300 3439 550 3523 epitomatorum
574 3435 622 3525 (P.
644 3437 731 3523 178).
824 3439 852 3500 ei
876 3457 957 3521 quae
981 3436 1089 3500 dotem

80 3525 207 3590 nullam
239 3525 393 3612 habebat,
425 3528 475 3593 vir
508 3529 554 3595 sic
580 3529 763 3616 legaverat:
790 3525 941 3613 ‘quanta
961 3525 1110 3606 pecudia
