2422 3840
436 159 461 206 2.
485 151 604 206 AULUS
623 152 762 208 OPILIUS
1038 153 1103 217 333

98 323 202 399 penori
225 323 326 400 legato
351 320 497 381 contineri
519 314 642 399 negavit
665 314 716 402 (D.
736 324 786 398 33,
807 325 835 398 9,
855 324 884 397 3,
904 315 951 400 9),
977 341 1028 382 eas
1046 341 1103 400 res,

96 431 171 488 quas
197 412 320 471 divortii
347 414 480 486 tempore
508 411 616 470 mulier
639 411 801 470 comederit
823 411 991 470 vendiderit
1013 412 1103 471 dona-

96 501 173 559 verit
196 501 331 575 qualibet
353 500 469 558 ratione
493 500 720 574 consumpserit,
744 519 845 558 rerum
868 503 1037 559 amotarum
1060 501 1104 558 iu-

95 591 172 648 dicio
201 589 347 649 contineri
374 588 557 647 existimavit
579 579 631 669 (D.
651 590 705 663 25,
726 591 758 665 2,
779 591 810 665 3,
828 579 876 668 3),
902 607 970 647 eum
994 590 1045 665 qui
1068 607 1104 654 ex

95 698 202 738 acervo
221 677 364 736 frumenti
376 677 509 736 modium
523 677 690 752 sustulerit,
704 677 799 736 totius
814 678 913 737 acervi
927 678 1024 736 furem
1039 695 1103 737 esse

95 767 216 842 putavit
235 759 284 845 (D.
300 769 352 843 47,
372 768 401 844 2,
416 768 456 824 21
469 759 537 843 pn),
556 766 691 841 denique,
711 766 737 824 si
754 766 833 824 inter
851 784 905 826 nos
924 767 1103 842 convenerit,

94 859 131 914 ut
158 856 263 931 quanti
291 855 388 914 Titius
415 873 480 913 rem
507 855 725 932 aestimaverit,
757 855 836 914 tanti
864 855 905 914 sit
931 857 1045 930 empta,
1073 855 1104 914 id

95 946 250 1022 negotium
269 944 450 1020 emptionem
469 946 499 1018 et
517 943 718 1003 venditionem
737 961 800 1002 esse
820 944 1004 1004 existimavit
1023 938 1103 1025 (Gai.
1130 999 1132 1002 .

96 1026 237 1110 3,140).
1177 1101 1181 1108 ,

183 1122 251 1181 Non
274 1140 343 1180 raro
362 1119 470 1180 Ofilius
492 1140 603 1179 rerum*
617 1121 850 1197 appellationem
872 1122 921 1181 vel
944 1121 1104 1182 verborum

96 1211 343 1287 significationem
367 1210 478 1286 definit,
502 1228 545 1269 ex.
569 1223 620 1286 gr.
638 1204 800 1285 ‘impensae
819 1209 910 1271 verbo
929 1213 1020 1287 negat
1037 1230 1104 1285 pre·

95 1300 172 1358 tium
196 1292 369 1376 significari'
392 1290 443 1380 (D.
463 1301 514 1374 35,
536 1301 629 1377 1,40,
646 1292 694 1377 1),
717 1299 794 1377 ligni
816 1299 1018 1376 appellatione
1042 1319 1103 1358 sar-

95 1392 197 1446 menta
227 1408 288 1447 non
320 1387 465 1446 contineri
498 1381 548 1466 (D.
573 1390 628 1465 32,
653 1390 708 1465 55,
729 1386 776 1466 4),
812 1407 909 1466 neque
941 1388 1103 1448 carbonum

96 1476 297 1553 appellatione
328 1477 445 1553 lignum
475 1475 514 1534 ad
543 1476 685 1536 carbones
716 1477 884 1553 coquendas
914 1480 1005 1554 atque
1034 1496 1103 1537 oon-

96 1566 235 1624 ficiendas
265 1569 404 1641 paratum
434 1555 485 1646 (D.
506 1567 561 1643 32,
581 1567 637 1639 55,
661 1557 707 1647 7),
729 1566 828 1626 victus
856 1585 926 1626 vero
953 1567 1045 1626 verbo
1074 1569 1104 1625 51

95 1654 275 1713 vestimenta
304 1657 335 1712 et
365 1656 529 1712 stramenta
564 1655 709 1714 contineri
755 1655 865 1728 1130,
887 1658 941 1727 16,
962 1658 1039 1732 234,
1060 1654 1103 1732 2).

96 1744 222 1819 denique
256 1742 359 1801 definit
391 1741 463 1818 quid
496 1741 536 1800 sit
564 1732 711 1825 fugitivus
754 1743 789 1802 D.
815 1736 1044 1826 21,1,17pr.)
1073 1747 1105 1804 et
1196 1801 1198 1806 .

76 1832 167 1906 ·quid
194 1831 314 1890 intersit
341 1831 419 1889 inter
440 1830 643 1906 pulsationem
666 1835 697 1890 et
719 1832 957 1892 verberationem
980 1826 1030 1911 (D.
1052 1835 1104 1908 47,

41 1948 44 1952 ι
98 1922 195 1995 15,5,
218 1912 259 1998 1).
379 1946 380 1949 ¹
470 1978 474 1987 ,

185 2006 266 2065 Ofilii
297 2007 460 2066 sententias
492 2008 622 2068 afferunt
652 2009 790 2084 inprimis
821 2009 971 2069 Antistius
1003 2009 1102 2070 Labeo

95 2096 297 2171 posteriorum
325 2095 410 2155 libris
438 2115 456 2154 a
482 2096 624 2156 Iavoleno
647 2098 818 2173 epitomatis
842 2089 934 2180 (libro
957 2099 972 2156 I
995 2098 1032 2156 D.
1053 2102 1103 2176 28,

98 2182 1024 2264 53551553154555115355513111,
1053 2190 1104 2263 35,

99 2277 169 2348 155,
192 2276 207 2331 1
233 2274 265 2333 P.
283 2276 359 2350 1733
384 2277 434 2352 33,
454 2277 483 2350 4,
504 2278 569 2351 3‚1
596 2275 627 2334 P.
645 2278 721 2354 113,
746 2279 797 2352 33,
813 2279 841 2347 5,
861 2279 878 2336 1
902 2277 934 2334 P.
951 2279 1026 2351 135,
1052 2279 1103 2353 33,

98 2367 125 2434 1,
147 2365 197 2438 53,
217 2366 257 2421 51
283 2363 313 2422 Ρ.
330 2366 406 2438 135,
431 2366 482 2440 34,
498 2366 526 2437 5,
542 2366 582 2424 35
598 2383 642 2439 pr.
663 2362 716 2439 §1
743 2365 773 2424 P.
790 2367 867 2441 135,
892 2367 942 2443 35,
959 2369 986 2443 1,
1006 2367 1057 2440 40,
1075 2370 1102 2425 1.

97 2455 126 2528 5,
146 2455 185 2509 41
210 2452 243 2511 P.
261 2454 336 2529 135,
363 2452 440 2511 11310
463 2453 510 2511 111
536 2453 646 2526 533,
668 2455 785 2529 15,15
808 2454 841 2513 P.
857 2457 933 2527 131,
960 2454 1038 2513 3310
1060 2455 1104 2512 iv

96 2541 131 2598 5.
151 2543 206 2610 45,
228 2544 260 2616 1,
280 2543 320 2600 35
340 2561 384 2617 pr.
413 2544 479 2601 14
507 2541 539 2601 P.
561 2544 638 2615 196,
670 2544 747 2602 uero
771 2544 799 2600 v
831 2543 942 2620 5.·33,
963 2547 991 2618 1,
1012 2545 1100 2615 551
1196 2587 1199 2590 .

96 2629 128 2687 P.
145 2631 217 2706 215,
240 2630 318 2688 libro
336 2631 378 2688 IX
401 2630 437 2690 D.
457 2633 508 2706 49,
529 2633 578 2708 15,
599 2634 639 2690 27
665 2632 697 2692 P.
718 2622 805 2712 231),
830 2630 949 2692 Caelius
974 2632 1103 2691 Sabinus

97 2717 147 2797 (D.
168 2721 218 2793 21,
234 2722 261 2793 1,
277 2721 329 2797 38,
345 2713 378 2794 7)
397 2720 460 2778 3155
484 2719 574 2779 dubio
597 2720 628 2777 in
651 2720 735 2780 libris
754 2721 792 2779 ad
811 2721 941 2780 edictum
961 2721 1103 2780 aedilium

96 2807 246 2864 curulium
270 2803 316 2887 (P.
334 2799 380 2886 7),
410 2808 570 2886 Iavolenus
593 2807 715 2867 Priscus
740 2803 781 2887 (v.
805 2828 881 2887 quae
905 2811 940 2869 de
963 2809 1102 2869 Labeone
1202 2858 1203 2863 ,

95 2887 233 2975 contuli),
257 2896 365 2955 Sextus
384 2896 567 2972 Pomponius
587 2900 618 2956 et
636 2897 771 2957 inlibris
790 2900 828 2957 ad
848 2898 992 2958 Sabinum
1011 2891 1103 2980 (libro

85 2983 139 3041 -vi
157 2984 194 3042 5.
212 2987 262 3058 35,
277 2987 374 3060 repr.
393 2985 424 3044 P.
439 2987 513 3062 453,
533 2985 610 3044 uero
625 2985 697 3043 xvi
714 2987 750 3046 5.
767 2989 817 3061 54,
833 2990 861 3064 3,
879 2989 960 3061 13,1
982 2987 1015 3045 P.
1031 2989 1104 3065 553,

95 3072 172 3131 libro
192 3072 278 3130 XVII
302 3074 336 3132 D.
357 3076 411 3150 26,
432 3076 465 3148 8,
484 3076 504 3132 4
528 3074 560 3132 P.
577 3076 653 3145 648,
677 3075 753 3134 libro
777 3075 875 3133 XXVI
900 3077 935 3133 D.
954 3078 1010 3152 45,
1030 3079 1063 3148 3,
1084 3079 1102 3135 6

96 3161 129 3220 P.
146 3163 216 3231 726,
241 3162 317 3221 libro
336 3163 417 3222 XXX
440 3163 475 3220 D.
492 3165 698 3239 50,16,180,
720 3166 736 3221 1
762 3164 794 3223 P.
811 3155 890 3245 753)
910 3167 940 3222 51
959 3157 996 3223 ad
1014 3165 1104 3223 Plau·

95 3251 172 3307 tium
201 3248 338 3321 (libroV
364 3252 399 3308 D.
419 3253 470 3326 40,
490 3255 520 3323 4,
544 3253 631 3326 40,1
664 3250 696 3310 P.
717 3245 810 3332 345),
838 3252 930 3312 Gaius
958 3253 989 3310 in
1016 3253 1104 3313 libris

96 3338 135 3396 ad
157 3338 216 3396 XII
238 3339 358 3399 tabulas
381 3332 471 3418 (libro
489 3341 520 3399 Il
543 3340 578 3401 D.
600 3343 650 3418 50,
667 3344 717 3418 16,
738 3343 810 3418 234,
820 3333 844 3400 Ι2
869 3340 902 3399 P.
917 3335 996 3422 429)
1020 3346 1051 3401 et
1071 3343 1104 3401 in

96 3426 341 3487 institutionibus
360 3420 404 3505 (3,
426 3425 517 3507 140),
539 3429 637 3489 Iulius
660 3429 773 3489 Paulus
796 3435 827 3489 et
849 3429 934 3489 libris
950 3430 995 3506 ⁴ad
1019 3431 1103 3490 Sabi·

95 3535 167 3572 num
195 3508 287 3596 (libro
310 3517 369 3575 VII
392 3519 428 3577 D.
449 3521 504 3597 25,
524 3520 556 3594 2,
577 3521 610 3596 3,
630 3521 648 3579 3
673 3519 707 3579 Ρ.
722 3510 828 3600 1114)
854 3523 890 3576 et
913 3519 961 3575 ‘ab
984 3519 1130 3572 ebusum
