2422 3840
366 162 389 214 1.
412 159 450 213 M.
467 158 673 214 TERENTIUS
692 160 817 215 VARRO
1034 160 1097 225 123

81 325 220 386 bellicam
254 325 456 404 disciplinam,
488 331 523 386 tu
551 328 651 387 sedem
677 329 850 407 regionum,
882 330 1030 408 Iocorum,
1063 334 1098 390 tu

81 415 214 474 omnium
238 414 410 475 divinarum
427 417 687 494 humanarumque
705 437 806 477 rerum
824 419 954 493 nomine,
977 439 1097 497 genera,

81 504 190 580 officia,
216 521 323 563 causas
346 499 512 580 aperuisti?

318 697 341 758 I.
373 698 649 777 Antiquitatum
673 702 761 762 libri
783 702 860 763 XLI.

168 823 333 902 Augustin.
356 824 394 884 de
416 825 472 885 civ.
496 825 544 883 dei
564 829 626 902 6,3
652 819 737 886 ‘XLI
760 826 853 886 libros
877 827 998 904 scripsit
1019 829 1096 887 anti-

83 913 249 991 quitatum,
277 913 331 972 hos
358 912 391 970 in
418 932 466 975 111
494 915 641 973 humanas
663 915 839 992 diunasque
863 916 978 994 divisit,
1007 918 1096 976 rebus

82 1002 222 1061 humanis
246 1000 338 1079 XXV,
371 1001 482 1063 diuinis
507 1002 580 1062 XVI
606 997 736 1064 tribuit'.
778 1005 848 1065 ibid.
870 1008 898 1081 6,
917 1008 946 1065 4.
988 999 1096 1066 ‘Varro

82 1094 244 1168 propterea
271 1109 303 1150 se
330 1091 414 1167 prius
443 1091 480 1151 de
507 1093 596 1151 rebus
621 1093 773 1169 humanis,
802 1093 838 1153 de
862 1094 971 1154 divinis
994 1098 1097 1154 autem

82 1185 185 1254 postea
208 1180 366 1254 scripsisse
388 1181 528 1256 testatur,
551 1180 630 1256 quod
653 1182 736 1256 prius
760 1182 930 1242 exstiterint
948 1184 1096 1262 civitates,

83 1269 188 1327 deinde
213 1269 251 1327 ab
275 1268 318 1328 eis
341 1287 390 1328 res
413 1269 533 1329 divinae
556 1269 714 1329 institutae
738 1265 818 1330 sint'

257 1482 293 1539 A.
316 1481 445 1540 Rerum
468 1482 702 1541 humanarum
725 1483 811 1541 libri
835 1483 926 1546 XXV.

171 1605 204 1663 P.
215 1604 327 1664 Mirsch
342 1604 378 1663 de
392 1606 432 1663 M.
442 1606 476 1665 Τ.
487 1605 630 1666 Varronis
646 1607 861 1683 antiquitatum
876 1629 977 1669 rerum
990 1612 1095 1670 huma·

83 1713 189 1753 narum
213 1693 299 1752 libris
318 1693 414 1753 XXV:
438 1695 596 1773 Leipziger
621 1695 747 1755 Studien
766 1697 793 1754 V
818 1690 928 1777 (1882,
950 1694 1094 1780 1-144)

82 1783 229 1842 librorum
252 1782 386 1842 ordinem
410 1786 440 1842 et
461 1787 639 1861 argumenta
662 1785 784 1844 definire
808 1786 937 1860 studuit,
962 1789 1012 1846 sed
1035 1809 1096 1848 non

81 1871 218 1930 feliciter.
242 1891 271 1930 v.
287 1870 320 1931 Ο.
332 1871 466 1947 Gruppe:
481 1872 877 1950 Philolog.W0chenschrift
891 1876 946 1946 HI,
957 1878 1021 1935 464
1032 1896 1094 1955 sqq.

81 1961 115 2018 R.
143 1960 360 2019 Reitzenstein:
392 1961 518 2020 Hermes
550 1962 606 2020 XX
628 1983 657 2037 p.
681 1963 745 2022 514
769 1982 796 2020 n.
823 1966 850 2021 1.
906 1983 941 2022 ea
975 1967 1094 2024 tantum

81 2050 180 2109 indico
205 2067 282 2126 quae
306 2052 388 2108 certa
406 2052 485 2109 sunt.
522 2051 558 2109 cf.
578 2049 852 2110 Teuffel-Schwabe
877 2049 897 2125 ξ
915 2055 976 2111 166
993 2073 1021 2111 n.
1037 2057 1094 2112 41.
1129 2085 1131 2088 -

170 2137 297 2196 LiberI
319 2138 502 2216 loquebatur
524 2140 723 2199 communiter
745 2140 780 2198 de
805 2140 951 2218 omnibus,
973 2141 1094 2199 librili

81 2245 178 2304 usque
206 2225 246 2284 ad
272 2225 332 2284 VII
359 2226 395 2286 de
423 2228 608 2301 hominibus,
636 2229 706 2287 libri
734 2227 809 2286 VIII
836 2247 930 2304 usque
959 2229 997 2288 ad
1020 2230 1096 2289 XIII

80 2315 116 2374 de
135 2315 220 2391 locis,
243 2315 314 2374 libri
333 2315 404 2374 XIV
421 2334 516 2392 usque
537 2316 575 2374 ad
593 2317 663 2374 XIX
682 2316 719 2376 de
737 2318 932 2393 temporibus,
951 2315 1023 2377 libri
1040 2320 1095 2378 XX

81 2423 178 2480 usque
202 2404 240 2463 ad
263 2404 347 2461 XXV
371 2405 530 2466 derebus.

132 2600 168 2658 B.
200 2599 331 2658 Rerum
354 2599 556 2660 divinarum
580 2601 667 2660 libri
689 2601 762 2660 XVI
785 2603 827 2660 ad
851 2601 1041 2664 Gaesarem

294 2689 506 2764 pontificem
529 2691 718 2749 maximum
740 2692 880 2767 scripti.

168 2813 353 2890 Fragmenta
385 2813 509 2890 collegit
537 2815 570 2874 R.
598 2814 713 2874 Merkel
746 2815 778 2873 in
806 2813 907 2875 Ovidii
935 2817 1094 2876 Fastorum

76 2901 210 2961 editione
235 2922 264 2978 p.
285 2900 361 2960 CVI.

167 2990 260 3049 Libro
280 2990 297 3048 I
320 3009 415 3049 sermo
439 2994 505 3050 erat
527 2991 563 3050 de
586 2991 676 3051 rebus
700 2992 809 3052 divinis
833 2994 1038 3066 communiter,
1063 2994 1093 3051 II

75 3081 114 3138 de
142 3079 347 3156 pontificibus,
375 3079 421 3136 HI
449 3080 484 3138 de
513 3081 692 3157 auguribus,
722 3080 767 3138 IV
790 3080 826 3140 de
850 3082 1094 3156 quindecimviris

76 3187 245 3243 sacrorum,
268 3167 297 3224 V
324 3168 360 3226 de
389 3169 519 3246 sacellis,
548 3169 591 3227 VI
619 3169 655 3228 de
687 3169 779 3228 sacris
808 3170 946 3243 aedibus,
974 3168 1034 3227 VII
1057 3169 1093 3227 de

74 3257 153 3317 locis
182 3257 344 3334 religiosis,
370 3256 446 3314 VIII
474 3256 510 3316 de
537 3258 635 3331 411441,
666 3257 708 3315 ΙΧ
737 3257 772 3315 de
800 3259 879 3316 ludis
903 3257 1094 3333 circensibus

76 3347 104 3404 X
125 3345 262 3405 deludis
286 3345 418 3418 scenicis,
442 3346 485 3404 XI
506 3347 542 3405 de
563 3345 844 3419 consecrationibus,
868 3345 926 3403 XII
946 3345 982 3403 de
1001 3346 1094 3404 sacris

73 3433 216 3511 privatis,
239 3434 314 3492 XIII
337 3435 374 3492 de
398 3435 491 3494 sacris
513 3436 651 3512 publicis,
674 3432 746 3491 XIV
770 3434 805 3492 de
830 3433 893 3491 deis
917 3434 1014 3508 111441,
1038 3434 1094 3491 XV

73 3525 113 3584 de
145 3523 209 3582 deis
236 3523 371 3598 incertis,
401 3523 472 3582 XVI
501 3525 537 3584 de
566 3524 629 3586 deis
656 3523 830 3602 praecipuis
855 3527 952 3601 atque
971 3523 1111 3582 11411411,
