2422 3840
279 155 304 206 5.
327 148 358 204 L.
373 148 529 205 LIGINIUS
548 150 579 205 L.
592 150 623 206 F.
639 150 668 207 C.
683 151 716 206 N.
731 149 898 207 CRASSUS.
1049 151 1090 215 47

78 336 204 378 exorsus
222 321 269 377 est
286 365 292 376 .
308 361 336 377 ..
355 319 412 378 hoc
426 318 556 379 voluisse
570 337 647 394 eum,
666 319 717 395 qui
730 322 945 379 testamentum
960 320 1089 398 fecisset,

78 409 136 467 hoc
161 407 301 485 sensisse,
324 426 443 484 quoquo
466 407 554 467 modo
577 407 657 467 filius
679 426 739 467 non
762 410 850 486 esset,
874 408 925 484 qui
947 408 979 466 in
1002 427 1089 468 suam

78 496 211 555 tutelam
230 495 354 570 renuet,
378 496 440 557 sive
458 514 519 555 non
537 499 627 555 natus
647 497 709 555 sive
729 498 797 554 ante
816 498 963 569 mortuus,
983 495 1091 557 Curius

78 585 169 644 heres
201 587 237 643 ut
268 585 360 663 osset,
392 585 436 644 ita
467 585 595 644 scribere
627 585 784 662 plerosque
817 588 848 643 et
875 585 906 643 id
934 586 1033 644 valere
1061 590 1091 646 et

79 673 215 735 valuisse
234 692 413 748 semper
432 673 539 732 deinde
558 691 686 750 aequum
705 674 825 753 bonum,
844 677 1091 733 testamentorum

80 761 247 822 sententias
282 763 515 839 voluntatesque
551 764 671 821 tutatus
708 765 767 839 est,
803 764 917 838 quanta
950 765 1029 821 esset
1059 763 1090 821 in

79 851 183 913 verbis
206 851 314 928 captio,
337 870 430 928 quum
453 851 485 909 in
508 851 616 911 ceteris
638 851 736 929 rebus,
758 853 824 910 tum
842 851 874 909 in
892 850 1091 928 testamentis,

80 941 106 1000 si
127 939 356 1016 negligerentur
375 940 554 1013 voluntates,
578 943 724 1016 quantum
743 940 800 998 sibi
817 939 984 1014 potentiam
1003 938 1089 998 Scae-

78 1029 152 1090 vola
171 1032 345 1106 assumeret,
364 1029 390 1087 si
408 1047 495 1088 nemo
510 1028 634 1087 auderet
647 1031 861 1087 testamentum
874 1028 971 1087 facero
985 1031 1090 1103 postea

78 1117 141 1177 nisi
168 1116 205 1176 de
232 1116 315 1176 illius
343 1111 511 1176 sententia?
558 1117 631 1192 Top.
652 1119 701 1189 10,
717 1119 759 1176 44
784 1111 836 1175 ‘ex
859 1116 963 1176 eodem
987 1116 1090 1175 simili·

78 1205 195 1266 tudinis
211 1206 275 1265 loco
290 1205 380 1264 etiam
395 1205 531 1282 exempla
546 1209 715 1280 sumuntur,
729 1208 764 1264 ut
779 1203 903 1265 Crassus
918 1205 950 1263 in
960 1203 1091 1264 Curiana

80 1313 175 1354 causa
198 1294 340 1370 exemplis
364 1295 501 1370 plurimis
524 1313 597 1354 usus
616 1298 671 1371 est,
695 1313 786 1372 agens
805 1294 841 1353 de
861 1313 905 1372 eo,
929 1293 981 1370 qui
1000 1297 1091 1353 testa-

80 1387 184 1443 mento
212 1383 255 1443 sic
282 1383 421 1442 heredem
448 1383 643 1461 instituisset,
672 1387 708 1442 ut
736 1382 762 1442 si
787 1383 866 1441 filius
894 1385 983 1442 natus
1012 1385 1090 1442 esset

77 1472 112 1531 in
142 1472 242 1531 decem
269 1472 422 1531 mensibus
449 1472 533 1547 isque
560 1476 699 1531 mortuus
726 1472 811 1548 prius
837 1490 928 1547 quam
949 1471 981 1529 in
1005 1489 1090 1531 suam

80 1561 212 1621 tutelam
239 1561 382 1639 venisset,
410 1560 557 1620 secundus
585 1562 670 1620 heres
698 1561 894 1620 hereditatem
920 1554 1089 1620 obtineret'

105 1826 107 1830 .
171 1773 304 1832 Licinius
329 1771 453 1832 Crassus
482 1772 576 1830 eidem
601 1770 737 1830 Ciceroni
764 1770 800 1830 de
824 1776 898 1832 orat.
917 1774 956 1852 II,
973 1776 1032 1832 141
1046 1793 1089 1850 sq.

80 1863 108 1922 si
136 1862 298 1935 credimus,
327 1862 362 1920 de
392 1861 457 1919 iure
486 1859 567 1919 civili
593 1859 624 1917 in
653 1862 748 1918 artem
775 1861 937 1936 redigendo
961 1863 1090 1922 scribere

79 1951 140 2012 sibi
177 1954 383 2027 proposuerat.
439 1943 596 2025 ‘Perpetui
632 1948 705 2007 iuris
743 1950 774 2006 et
807 1949 940 2009 universi
972 1951 1089 2027 generis

80 2039 219 2118 quaestio
247 2058 306 2098 non
333 2038 486 2098 hominum
514 2036 647 2113 nomina,
676 2035 727 2095 sed
750 2035 897 2096 rationem
920 2038 1037 2097 dicendi
1060 2042 1090 2097 et

79 2130 328 2206 argumentorum
359 2127 458 2187 fontes
490 2125 652 2196 desiderat,
684 2125 715 2182 in
747 2144 806 2200 quo
839 2126 929 2184 etiam
956 2125 1008 2184 isti
1035 2146 1089 2186 nos

78 2218 158 2277 iuris
183 2216 313 2276 consulti
334 2215 503 2291 impediunt
525 2234 543 2274 a
566 2213 763 2290 discendoque
787 2212 940 2274 deterrent
1038 2215 1089 2274 sed

79 2307 156 2366 haec
184 2305 309 2365 Crassus
427 2302 586 2381 aliquando
618 2302 704 2361 nobis
738 2302 874 2378 expediet
904 2306 935 2362 et
962 2307 1090 2379 exponet

80 2395 234 2470 descripta
257 2393 432 2470 generatim.
474 2394 520 2452 est
538 2392 615 2450 enim
635 2436 686 2451 ...
705 2391 770 2450 heri
788 2392 873 2451 nobis
891 2393 942 2450 ille
962 2393 1018 2452 hoc
1037 2441 1043 2452 .
1059 2437 1089 2451 ..

80 2483 247 2560 pollicitus,
270 2501 301 2541 se
320 2482 366 2540 ius
390 2481 486 2559 civile,
505 2480 584 2557 quod
601 2499 680 2539 nunc
699 2480 840 2539 diffusum
861 2484 891 2539 et
910 2481 1089 2557 dissipatum

80 2576 141 2651 est,
179 2572 212 2630 in
248 2574 330 2630 certa
361 2589 472 2647 genera
504 2572 677 2628 coacturum
709 2571 740 2627 et
771 2569 809 2627 ad
842 2572 939 2628 artem
971 2571 1089 2630 facilem

79 2653 295 2721 redacturum?
342 2659 378 2719 cf.
402 2662 476 2718 orat.
498 2658 611 2736 1‚190
639 2650 676 2716 ‘si
704 2657 784 2715 enim
811 2662 864 2717 ant
891 2658 965 2716 mihi
991 2659 1089 2718 facere

79 2749 211 2826 licuerit,
233 2748 314 2824 quod
336 2748 396 2807 iam
420 2747 472 2806 diu
494 2747 603 2822 cogito,
626 2750 681 2805 aut
703 2745 780 2804 alius
804 2746 951 2823 quispiam
970 2751 1024 2806 aut
1041 2767 1089 2806 me

79 2837 226 2915 impedito
250 2837 404 2912 occuparit
426 2839 480 2895 aut
502 2837 621 2895 mortuo
640 2834 779 2912 effecerit,
802 2838 838 2893 ut
854 2835 985 2910 primum
1004 2855 1089 2895 omne

80 2928 128 2987 ius
155 2926 243 2987 civile
265 2926 297 2984 in
320 2945 429 3002 genera
452 2925 581 3002 digerat,
605 2942 681 2999 quae
704 2941 854 2998 perpauca
876 2925 959 3001 sunt,
983 2924 1088 2984 deinde

81 3035 186 3076 eorum
214 3033 358 3093 generum
384 3014 470 3091 quasi
497 3011 643 3090 quaedam
669 3011 803 3070 membra
830 3010 1000 3090 dispertiat,
1023 3016 1089 3071 tum

81 3104 237 3181 propriam
273 3103 416 3179 cuiusque
448 3101 509 3162 vim
540 3100 712 3160 definitione
745 3100 888 3177 declaret,
925 3101 1089 3176 perfectam

81 3197 179 3253 artem
196 3187 272 3251 iuris
290 3191 387 3252 civilis
406 3191 563 3268 habebitis,
581 3189 677 3264 magis
696 3206 838 3265 magnum
858 3189 1089 3272 atque-uberem

82 3301 174 3361 quam
197 3280 350 3340 difficilem
373 3282 403 3340 et
426 3272 602 3340 obscuram?

170 3369 214 3429 At
237 3368 339 3430 Cicero
366 3369 446 3445 quod
473 3369 536 3444 ipse
565 3366 622 3426 sibi
644 3365 814 3443 proposuit,
841 3365 946 3426 Crasso
969 3366 1089 3426 videtur

81 3459 264 3522 attribuisse.
312 3456 586 3519 Teuffel-Schwabe
609 3452 629 3532 ξ
650 3455 723 3533 154,
736 3455 766 3513 4.
