2422 3840
97 132 140 196 90
176 131 222 187 IV.
243 129 389 185 SEPTIMI
403 109 502 220 SdEC.
516 129 612 184 IURIS
633 87 803 186 constitu.
818 128 1108 186 11111111111111

504 333 613 393 Liber
634 334 697 394 XI?

300 451 347 508 Do
365 451 596 523 possessionibus
619 454 645 508 et
666 452 901 525 usucapionibus.

185 565 230 625 De
244 564 467 641 possessionum
481 565 642 642 generibus
651 564 784 625 Mucium
794 564 953 641 scripsisse
959 564 1107 625 traditum

98 658 152 715 est.
197 673 342 730 quaenam
367 672 477 731 genera
500 653 653 727 statuerit,
674 652 833 713 nescimus.
877 653 1015 713 adiunxit
1038 671 1106 714 usu·

98 744 260 820 cepionem,
284 762 373 820 quam
393 761 453 801 11011
470 741 558 802 modo
577 742 609 800 in
627 742 754 819 singulis
772 742 871 813 rebus,
894 743 947 801 sed
966 743 1059 802 etiam
1077 743 1106 802 in

98 832 273 909 hereditate,
294 835 325 892 et
342 849 402 890 11011
421 831 519 889 solum
537 831 569 890 in
586 831 685 908 rebus,
704 830 756 890 sed
774 831 867 890 etiam
885 830 917 889 in
935 831 1106 891 hominibus

97 922 195 980 locum
209 921 349 979 habuisse
363 922 489 978 constat.
519 919 555 978 de
570 919 708 978 mulieris
722 920 903 996 usucapione
919 910 1001 999 (Gai.
1011 920 1036 996 I,
1046 913 1105 1001 ΙΠ)

95 1010 211 1069 Mucius
235 1009 294 1067 alio
318 1009 383 1067 loeo
406 1007 525 1068 videtur
547 1009 709 1084 scripsisse.
755 1009 901 1085 utsupra
922 1028 951 1085 p.
973 1010 1025 1069 81.

189 1122 214 1184 1.
243 1118 281 1183 D.
300 1119 357 1197 41,
378 1119 413 1202 2,
432 1119 466 1200 3,
484 1119 528 1184 23
556 1118 676 1182 Paulus
703 1118 787 1182 libro
815 1117 1105 1203 quinquagensimo

98 1213 213 1292 quarto
233 1207 274 1272 ud
293 1206 431 1272 edietum
450 1205 499 1290 (P.
514 1204 594 1292 659)
613 1255 666 1273 ...
686 1207 722 1284 Q.
736 1206 862 1272 Mucius
880 1208 966 1270 inter
985 1227 1105 1290 genera

96 1296 338 1381 possessionum
361 1296 483 1379 posuit,
509 1295 536 1359 si
560 1296 687 1379 quando
710 1298 800 1361 iussu
824 1297 1036 1381 magistratus
1061 1296 1106 1360 rei

98 1384 272 1450 servandae
296 1406 394 1448 causa
416 1383 616 1466 possidemus

185 1486 234 1545 Ad
256 1505 320 1544 10111
343 1486 380 1547 of.
398 1485 520 1545 Pernioe
539 1482 642 1546 Labeo
665 1488 681 1546 I
701 1489 778 1564 2003
801 1487 833 1545 Π
853 1488 915 1546 192
934 1505 964 1547 n.

57 1660 58 1663 Ἴ
186 1587 238 1651 2?
260 1585 300 1651 D.
322 1588 375 1672 41,
394 1588 423 1669 2,
443 1587 494 1662 25,
514 1588 544 1652 2.
588 1586 788 1672 Pomponius
816 1588 900 1651 libro
930 1587 1104 1654 vicensimo

96 1677 192 1742 tertio
212 1677 251 1741 ad
272 1674 463 1751 1111111111
479 1672 528 1763 (P.
543 1673 633 1764 286).
669 1676 761 1753 Quod
780 1679 888 1741 autem
907 1677 976 1741 solo
996 1678 1105 1742 animo

97 1765 310 1850 possidemus,
333 1766 507 1850 quaeritur,
530 1770 675 1830 utrumve
697 1786 797 1848 usque
818 1786 855 1829 eo
874 1765 1106 1848 possideamus,

97 1855 197 1918 donec
220 1854 303 1918 alius
328 1876 462 1939 corpore
486 1855 652 1941 ingressus
676 1855 732 1936 sit,
760 1857 797 1918 ut
819 1853 927 1937 potior
951 1854 995 1918 sit
1017 1854 1105 1919 illius

27 1988 28 1994 κ
98 1944 276 2026 corporalis
299 1944 474 2028 possessio,
499 1965 540 2008 an
564 1965 654 2021 vero,
677 1943 762 2027 quod
786 1942 878 2027 quasi
901 1944 1008 2027 magis
1032 1965 1106 2026 pro-

99 2033 207 2116 batur,
233 2053 334 2116 usque
362 2054 400 2096 eo
428 2032 665 2115 possideamus,
693 2033 793 2096 donec
820 2035 1018 2096 revertentes
1046 2055 1105 2097 nos

98 2121 215 2205 aliquis
233 2122 371 2206 repellat
390 2126 446 2186 aut
464 2143 523 2185 nos
541 2120 588 2183 ita
607 2121 714 2184 animo
734 2120 917 2184 desinamus
932 2120 1106 2203 possidere,

96 2210 183 2294 quod
202 2211 402 2294 suspiremus
420 2209 532 2292 repelli
549 2230 609 2272 nos
627 2230 723 2293 posse
743 2210 783 2273 ab
803 2230 850 2293 eu,
869 2209 924 2292 qui
939 2210 1104 2294 ingressus

96 2300 140 2364 sit
162 2299 196 2362 in
219 2298 466 2381 possessionem.
929 2297 932 2301 ’

184 2409 244 2468 Pro
263 2404 361 2484 ‘quasi
380 2401 488 2485 magis'
506 2427 565 2468 run
584 2408 620 2468 de
635 2408 740 2468 Water
753 2409 902 2487 sagaciter
916 2409 1105 2470 scribendum

97 2516 161 2557 esse
184 2497 295 2556 conicit
318 2490 439 2565 ‘Quinto
460 2490 571 2557 Mucio’
594 2498 698 2557 multis
722 2497 963 2574 assentientibus,
985 2499 1018 2558 in
1042 2501 1106 2576 qui-

95 2586 151 2645 bus
170 2585 261 2644 eiiam
280 2583 402 2644 Pernice
422 2589 453 2644 01
471 2585 572 2645 Lenel.
614 2587 666 2646 sed
684 2587 821 2647 doctrina
837 2586 936 2647 Mucio
954 2587 1107 2664 adscripta

96 2675 160 2734 eius
187 2674 238 2734 vix
264 2677 364 2750 potest
392 2692 470 2754 esse,
496 2675 541 2734 ita
568 2678 603 2734 ut
629 2676 722 2735 verba
748 2670 848 2753 ‘quasi
871 2669 979 2752 magis’
1003 2677 1105 2752 potius

96 2764 184 2823 aliter
216 2762 358 2837 explicari
384 2762 519 2823 debeant.
569 2763 767 2840 Pomponium
795 2765 837 2824 sic
864 2783 924 2824 nou
952 2766 1105 2842 scripsisse

97 2856 212 2912 certum
233 2851 342 2929 iudico,
366 2855 399 2911 at
421 2852 496 2911 bene
520 2852 648 2931 seribere
671 2854 784 2929 potuit:
808 2847 900 2928 ‘quod
923 2855 1019 2930 magis
1038 2875 1106 2931 pro·

95 2933 206 3018 batur',
233 2940 277 2999 ita
304 2942 339 2999 ut
362 2941 536 3000 Triboniani
564 2943 670 3001 manus
698 2941 788 3001 etiam
815 2942 847 3000 in
868 2943 925 3001 hoo
948 2943 1105 3018 Pomponii

95 3030 264 3107 fragmento
284 3034 473 3107 agnoscatur.
510 3030 676 3090 Riocobono
696 3031 775 3090 Buii.
789 3031 859 3090 dell.
872 3029 925 3090 Ist.
942 3034 970 3108 6,
985 3034 1049 3092 229
1062 3051 1104 3108 sq.

95 3111 227 3195 ‘quidem
250 3112 356 3194 magis'
379 3120 462 3196 legit.

185 3220 224 3284 3?
249 3219 318 3284 Gai.
334 3217 392 3303 ΙΙΙ,
406 3213 480 3284 20οζ
500 3220 716 3283 —interdum
736 3220 857 3285 alienas
876 3242 927 3285 res
947 3242 1104 3306 occupare

95 3312 127 3373 01
153 3330 328 3392 usucapere
356 3330 545 3373 conoessum
568 3312 697 3373 estnec
720 3309 859 3374 ereditur
881 3309 1003 3375 furtum
1026 3311 1103 3392 fieri,

95 3398 196 3462 veluti
223 3419 273 3462 res
301 3396 512 3461 hereditarias
541 3420 677 3481 quarum
704 3398 797 3462 heres
826 3420 891 3462 non
917 3403 967 3462 est
989 3406 1102 3464 neotus

93 3487 339 3570 possessionem,
361 3487 425 3550 nisi
449 3487 645 3551 necessarius
669 3487 761 3551 heres
785 3491 880 3551 extet.
962 3499 965 3504 '
