2422 3840
373 189 398 240 5.
422 184 451 239 C.
465 183 667 238 TREBATIUS
686 183 803 238 TESTA
1028 181 1090 244 411

81 345 169 430 quod
192 367 256 410 non
282 345 407 429 prebe]
450 345 500 408 sin
524 347 631 409 autem
654 367 712 429 per
734 346 900 409 mulierem
919 366 1010 409 mora
1027 367 1093 411 non

82 438 146 517 est,
171 433 341 516 quominus
365 454 437 497 cum
459 433 528 497 filio
551 433 691 516 habitet,
714 435 823 518 legata
846 434 874 496 ei
898 433 1013 497 deberi.

175 520 245 587 161.
281 521 319 586 D.
343 522 400 601 35,
420 524 452 604 l,
472 523 502 586 8.
555 521 754 605 Pomponius
791 521 874 586 libro
907 522 1020 606 quinto
1053 521 1093 586 ad

14 668 17 674 .
82 610 240 677 Sabinum
264 610 313 697 (P.
327 607 416 696 476).
462 608 497 674 Si
526 611 599 693 quis
625 611 673 674 ita
699 610 872 694 legaverit:
900 609 986 673 ‘dum
1012 631 1093 674 uxor

82 722 156 765 mea
180 721 256 765 cum
282 700 351 764 filio
378 699 452 781 erit,
480 697 573 763 heres
601 720 690 762 meus
720 700 749 762 ei
772 702 902 763 tantum
925 695 1023 776 dato’,
1052 699 1094 778 [si

80 811 122 854 ea
152 789 288 853 latitans
320 791 493 871 patronum
525 787 565 852 de
592 787 698 854 medio
727 787 887 871 discessit,
920 790 956 851 ut
983 790 1093 850 tamen

82 877 254 942 consilium
282 877 434 940 retineret
458 875 599 940 habendi
613 874 729 941 'secum
752 874 901 960 liberos,]
929 876 1038 939 deberi
1063 876 1092 939 ei
1117 953 1121 959 ⁵

82 967 225 1050 legatum
248 965 437 1029 Trebatium
466 968 498 1029 et
521 963 629 1030 Labeo
658 965 763 1047 aiunt,
792 966 882 1048 [quia
907 985 973 1028 non
998 985 1092 1028 omne

81 1059 282 1120 momentum
310 1053 502 1138 exigendum
529 1055 572 1117 sit
594 1057 631 1117 ut
654 1075 726 1118 oum
749 1052 860 1117 liberis
885 1053 942 1138 sit,
971 1052 1040 1134 sed]
1066 1053 1094 1117 si

79 1165 154 1207 eam
182 1147 322 1207 mentem
352 1144 399 1223 [et
425 1141 458 1206 id
483 1141 700 1226 propositum]
723 1141 857 1224 habeat,
884 1163 925 1205 ne
949 1141 1049 1205 filium
1073 1163 1093 1204 a
1137 1189 1141 1199 .

82 1237 186 1296 semet
210 1232 354 1295 dimittat
340 1236 457 1295 tneve
480 1252 632 1315 peream
656 1235 732 1309 stet,
761 1230 934 1314 quominus
958 1251 1029 1294 cum
1054 1251 1092 1293 ea

80 1321 169 1384 filius
193 1321 307 1385 educat
309 1342 356 1383 ur

171 1423 207 1481 ot
228 1440 319 1498 supra
340 1442 369 1497 p.
389 1423 462 1481 395.

175 1525 225 1589 17.
251 1523 291 1587 D.
310 1523 366 1603 33,
387 1525 419 1604 l,
440 1524 480 1587 17
490 1545 538 1606 pr
574 1521 682 1588 Labeo
710 1523 795 1587 libro
824 1521 962 1586 secundo
985 1525 1092 1606 poste-

81 1613 202 1676 riorum
232 1635 250 1680 a
276 1573 431 1676 Iauoleno
459 1610 711 1695 epitomatorem
734 1608 784 1697 (Ρ
805 1607 893 1697 174).
932 1609 1092 1695 Legatum

81 1702 130 1765 ita
161 1705 223 1765 est:
256 1700 393 1783 Attiae,
421 1699 522 1763 donec
549 1700 665 1781 nubat,
692 1699 926 1783 quinquaginta
891 1698 1091 1763 tadamnas

80 1793 152 1854 esto
180 1789 275 1852 heres
303 1810 393 1852 meus
423 1786 514 1851 dare'
541 1809 644 1872 neque
668 1788 865 1871 adscriptum
890 1790 940 1851 est
963 1786 1011 1850 ‘in
1037 1809 1092 1851 an·

80 1900 139 1942 nos
164 1875 331 1962 singulos’.
372 1875 483 1940 Labeo
503 1875 672 1940 Trebatius
695 1897 847 1959 praesens
870 1876 1013 1960 legatum
1037 1875 1092 1938 de-

81 1966 151 2030 beri
174 1969 277 2051 putat.

377 2050 421 2105 Dc
438 2050 522 2117 feudi
539 2049 686 2117 usufructu
704 2050 798 2120 tapeto.

172 2150 222 2215 18.
245 2149 320 2215 Vat.
333 2149 372 2214 fr.
387 2151 439 2232 70,
455 2152 484 2214 1.
510 2146 598 2237 (Ulp.
616 2149 636 2214 l.
651 2147 748 2214 XVII
767 2149 806 2214 ad
828 2146 916 2236 Sab.)
940 2151 993 2233 <..
1013 2149 1090 2213 Tre·
1126 2212 1127 2216 ,

82 2237 188 2300 batius
227 2238 361 2323 scribit>
394 2239 509 2305 silvam
540 2238 692 2302 caeduam
725 2238 842 2321 pos<se
875 2238 1090 2304 fructuarium

79 2327 225 2404 caedere,
250 2326 332 2391 sicut
355 2331 449 2412 pater
471 2326 612 2391 familias
635 2326 820 2411 caedebat).

169 2446 251 2516 Quae
287 2447 319 2504 in
355 2447 515 2506 Iustiniani
548 2447 682 2524 Digestis
716 2450 744 2521 7,
766 2451 797 2525 1,
822 2450 893 2524 9,7
927 2440 1090 2527 (Ulpianus

80 2536 157 2594 libro
171 2535 258 2594 XVII
275 2536 313 2594 ad
327 2528 486 2617 Sabinum)
500 2537 657 2613 leguntur:
678 2530 848 2595 ‘Trebatius
863 2536 968 2595 scribit
983 2537 1090 2595 silvam

79 2626 223 2683 caeduam
251 2627 287 2684 et
313 2624 592 2684 harundinetum
620 2643 706 2700 posse
734 2625 936 2684 fructuarium
959 2625 1089 2696 caedere,

80 2713 159 2771 sicut
181 2715 269 2788 pater
291 2713 421 2772 familias
444 2713 600 2790 caedebat,
623 2716 659 2772 et
680 2714 848 2789 vendere,
876 2714 964 2772 licet
986 2717 1091 2788 pater

77 2802 240 2860 familias
268 2820 336 2860 non
364 2803 507 2861 solebat
533 2802 702 2876 vendere,
730 2801 791 2861 sed
813 2803 891 2878 ipse
914 2795 995 2879 uti’,
1024 2800 1088 2860 Tri·

79 2891 226 2949 bonianus
250 2909 287 2948 ex
308 2889 438 2965 Ulpiano
462 2890 590 2968 addidit3
613 2909 683 2948 nam
705 2890 737 2948 in
757 2889 825 2950 Vat.
845 2892 882 2948 fr.
906 2892 975 2965 post
997 2889 1089 2949 verba

77 2979 176 3037 allata
197 2980 270 3058 baec
294 2981 474 3054 sequuntur:
503 2972 591 3038 ‘item
613 2981 649 3037 ut
676 2978 959 3037 harundinetum
984 2977 1090 3036 caedat

79 3067 273 3141 fructuarius,
293 3066 372 3143 quod
391 3066 533 3127 caedendi
551 3085 643 3126 eausa
660 3066 878 3142 paterfamilias
892 3067 1001 3143 alebat,
1020 3085 1087 3143 non,

79 3158 168 3231 puto,
194 3156 377 3231 prohibetur.
423 3156 497 3214 item
519 3156 633 3231 poterit
654 3149 845 3232 <vendere,
873 3155 962 3213 licet
983 3157 1089 3229 pater
1187 3158 1189 3163 '

80 3244 242 3303 familias
269 3239 448 3323 vendere>
476 3263 545 3303 non
571 3244 725 3318 solebat,
754 3244 815 3303 sed
842 3244 918 3318 ipse
941 3244 997 3302 uti
1020 3235 1088 3302 ...’

78 3332 116 3389 cf.
136 3350 227 3408 supra
249 3352 279 3407 p.
299 3335 370 3392 393.

171 3441 222 3504 19.
249 3440 323 3507 Vat.
347 3443 384 3507 fr.
406 3443 500 3526 70,2
528 3440 616 3526 (Ulp.
639 3441 740 3528 ibid).
861 3463 934 3506 cum
961 3445 1088 3506 constet

80 3529 212 3592 arbores
232 3529 416 3595 demortuae
436 3532 475 3595 ad
494 3531 710 3599 fructuarium
720 3532 891 3618 pertinere
905 3565 945 3575 -
962 3533 1109 3590 ostenae·

1183 3688 1191 3761 l
