2422 3840
276 171 301 221 r.
325 164 357 232 u.
375 163 512 222 nucius
531 166 560 222 Ρ.
576 169 605 223 n.
622 169 651 223 P.
666 169 700 226 n.
716 167 904 226 soucvom
1032 169 1095 233 103

79 351 158 396 vera
190 329 379 410 simulacra,
410 330 495 412 quod
522 353 617 396 verus
646 331 731 397 deus.
751 355 809 396 neo
838 355 949 397 sexum
976 333 1096 398 habeat

78 441 138 484 nec
163 422 306 483 aetatem
328 438 389 483 nec
411 417 544 485 definita
566 422 710 504 corporis
734 423 888 486 membra.
929 423 1094 506 poeticum

79 528 159 574 sane
179 507 315 572 deorum
329 527 430 592 genus
444 528 500 573 cur
515 506 669 575 Scaevola
684 515 825 596 respuat,
843 511 961 574 eisdem
976 511 1094 575 litteris

77 619 146 662 non
177 599 323 661 tacetur:
355 596 432 680 quia
464 598 511 662 sic
542 598 689 663 videlicet
721 599 797 665 deos
830 599 1025 682 deformant,
1057 605 1095 664 ut

77 707 139 751 nec
161 685 259 750 bonis
281 684 470 749 bominibus
493 692 728 770 comparentur,
752 710 823 752 cum
848 688 947 752 alium
972 688 1094 752 faciunt

77 774 191 859 furari,
210 773 311 838 alium
326 774 524 860 adulterare3
543 777 590 840 sic
608 777 685 840 item
707 777 828 860 aliquid
844 778 982 861 turpiter
997 781 1093 861 atque

77 865 189 947 inepte
223 861 328 927 dicere
361 884 398 927 ac
430 863 548 929 facere:
578 869 644 930 tres
677 867 761 930 inter
790 888 823 930 se
851 867 926 930 deas
953 869 1093 930 certasse

80 953 119 1016 de
138 951 285 1036 praemio
303 951 540 1036 pulcritudinis,
559 954 660 1018 rictas
680 954 759 1019 duas
780 977 799 1018 a
817 953 943 1019 Venere
962 954 1092 1020 Troiam

79 1040 251 1124 evertisse3
270 1038 381 1104 Iovem
401 1041 507 1124 ipsum
527 1044 673 1107 conuerti
691 1044 726 1106 in
740 1045 856 1108 bovem
872 1047 928 1108 aut
943 1065 1094 1127 cygnum,

77 1134 116 1195 ut
158 1150 232 1194 cum
275 1129 384 1213 aliqua
421 1131 629 1216 concumbat3
670 1131 762 1196 deam
799 1133 923 1197 homini
959 1132 1093 1215 nubere,

77 1217 258 1282 Saturnum
286 1217 406 1282 liberos
436 1218 604 1303 devorare3
631 1220 716 1285 nihil
744 1221 879 1305 denique
902 1243 997 1304 posse
1021 1243 1094 1286 con·

77 1307 161 1392 fingi
183 1306 412 1372 miraculorum
436 1311 533 1391 atque
560 1308 721 1393 vitiorum,
744 1311 829 1395 quod
851 1332 917 1374 non
941 1310 986 1373 ibi
1005 1332 1093 1394 repe·

76 1397 184 1461 riatur
209 1399 306 1480 atque
330 1418 349 1459 a
373 1395 505 1460 deorum
528 1402 646 1462 natura
671 1399 770 1482 longe
794 1400 888 1464 absit.

170 1498 313 1557 Fortasse
337 1497 411 1557 haec
434 1499 600 1573 disputatio
624 1501 655 1558 in
677 1500 770 1561 libros
793 1505 915 1578 recepta
937 1521 997 1562 non
1020 1505 1093 1561 crat.

169 1600 198 1664 9.
232 1598 346 1665 Cicero
370 1600 408 1664 de
432 1600 530 1684 legib.
552 1601 658 1685 2,19.
686 1639 728 1647 -
757 1602 962 1677 Quaeruntur
984 1653 1014 1669 ..
1038 1602 1094 1689 qui

78 1689 325 1772 adstringantur
348 1688 448 1753 sacris
550 1694 665 1774 quarto
691 1690 773 1778 [qui]
794 1692 935 1757 sinemo
956 1697 1013 1775 est,
1037 1692 1093 1776 qui
1146 1735 1148 1739 «

78 1779 179 1841 ullam
198 1799 267 1841 rem
286 1778 415 1861 ceperit,
434 1776 518 1860 <de>
533 1779 745 1844 creditoribus
763 1780 831 1843 eius
846 1784 900 1862 qui
915 1782 1091 1865 plurimum

76 1870 305 2036 serveddddae
329 1979 421 2035 supra
443 1981 471 2037 p.
492 1963 533 2020 82
558 1961 717 2037 disputari.
911 1913 912 1917 i

170 2053 222 2117 10.
246 2051 358 2116 Cicero
377 2053 454 2117 ibid.
472 2089 513 2099 —
527 2052 684 2118 Extrema
701 2074 839 2136 persona
858 2057 917 2134 est,
935 2058 972 2117 ut
991 2054 1091 2138 siqui

76 2141 107 2205 ei
130 2143 187 2226 qui
211 2144 358 2206 mortuus
378 2144 436 2225 est,
459 2143 629 2224 pecuniam
649 2142 795 2207 debuerit
816 2142 1000 2227 neminique
1020 2165 1091 2206 eam

76 2231 220 2313 solverit,
238 2230 373 2313 proinde
392 2230 560 2313 habeatur,
580 2232 671 2315 quasi
691 2252 762 2295 eam
777 2230 945 2314 pecuniam
961 2231 1091 2314 ceperit.

75 2319 158 2383 haec
180 2341 242 2384 nos
265 2341 285 2382 a
308 2315 465 2384 Scaevola
488 2320 657 2384 didicimus

313 2519 366 2577 IV.
397 2518 507 2578 Liber
531 2519 733 2596 singularis
758 2517 857 2598 ὅρων.

166 2641 201 2712 Q.
224 2642 356 2702 Mucium
378 2643 457 2702 bunc
479 2643 590 2702 librum
609 2645 670 2702 iam
689 2645 778 2704 editis
796 2644 870 2702 iuris
890 2644 987 2703 civilis
1005 2645 1091 2704 libris

75 2731 281 2808 composuisse
299 2731 461 2792 verisimile
480 2737 534 2793 cst.
574 2732 756 2792 Triboniano
774 2733 868 2791 Mucii
886 2733 996 2791 librum
1014 2733 1090 2792 inte·

75 2841 165 2897 grum
188 2820 220 2878 in
243 2820 380 2879 manibus
403 2819 496 2880 fuisse
516 2840 571 2896 pro
591 2825 671 2881 corto
691 2821 826 2898 Krueger
844 2842 872 2896 p.
889 2823 952 2881 327
973 2823 1091 2882 statuit.

76 2913 108 2969 at
121 2911 304 2987 argumenta
318 2928 394 2984 quae
408 2911 525 2984 profert
534 2929 630 2987 neque
640 2911 786 2988 gravioris
796 2911 940 2969 momenti
949 2911 1091 2969 videntur

76 3002 107 3058 et
130 2998 193 3057 alia
215 3015 248 3056 re
272 3016 291 3055 a
312 2997 466 3075 Krucgero
490 3000 627 3076 neglecta
651 3000 853 3059 confutantur.
895 3003 975 3058 certe
998 2999 1092 3058 Mucii

76 3087 188 3146 librum
206 3087 239 3145 in
256 3085 384 3145 indicem
402 3087 547 3146 librorum
566 3091 718 3163 receptum
732 3088 883 3163 videmus3
904 3088 955 3146 sed
969 3088 1001 3145 id
1014 3087 1090 3145 nibil

76 3175 161 3235 aliud
198 3175 384 3235 demonstrat
416 3194 505 3251 quam
534 3176 748 3236 Tribonianum
781 3176 933 3235 doctrinae
962 3176 1090 3252 gloriam

76 3264 267 3342 appetivisse.
304 3264 384 3339 quod
402 3268 557 3339 practerea
571 3264 662 3323 Mucii
677 3269 846 3340 fragmenta
861 3267 976 3322 certum
990 3265 1090 3322 locum

76 3353 107 3411 in
139 3354 376 3431 fragmentorum
414 3354 489 3413 serie
526 3355 675 3429 obtinent,
712 3354 861 3429 quomodo
898 3353 929 3410 id
961 3353 1089 3428 probare

76 3444 189 3520 potest,
227 3441 441 3501 Tribonianum
472 3442 564 3501 Mucii
596 3443 766 3517 fragmenta
798 3460 858 3499 non
891 3460 927 3500 cx
959 3443 1090 3501 secunda

76 3549 168 3590 manu
196 3530 365 3608 accepisse?
410 3550 530 3590 remeo
559 3530 656 3590 decidi
684 3549 807 3623 censeo,
836 3530 920 3609 quod
941 3531 981 3590 in
998 3531 1101 3590 buius
