<?xml version="1.0" encoding="UTF-8"?>
<!DOCTYPE html PUBLIC "-//W3C//DTD XHTML 1.0 Transitional//EN"
    "http://www.w3.org/TR/xhtml1/DTD/xhtml1-transitional.dtd">
<html xmlns="http://www.w3.org/1999/xhtml" xml:lang="en" lang="en">
 <head>
  <title>
</title>
<meta http-equiv="Content-Type" content="text/html;charset=utf-8" />
  <meta name='ocr-system' content='tesseract 3.04.00' />
  <meta name='ocr-capabilities' content='ocr_page ocr_carea ocr_par ocr_line ocrx_word'/>
</head>
<body>
  <div class='ocr_page' id='page_1' title='image "./iurisprudentiae00bremgoog_0354.png"; bbox 0 0 2422 3840; ppageno 0'>
   <div class='ocr_carea' id='block_1_1' title="bbox 432 163 1097 228">
    <p class='ocr_par' dir='ltr' id='par_1_1' title="bbox 432 163 1097 228">
     <span class='ocr_line' id='line_1_1' title="bbox 432 163 1097 228; baseline 0.012 -8"><span class='ocrx_word' id='word_1_1' title='bbox 432 173 456 220; x_wconf 91' lang='grc'>2.</span> <span class='ocrx_word' id='word_1_2' title='bbox 480 165 599 221; x_wconf 87' lang='lat' dir='ltr'>AULUS</span> <span class='ocrx_word' id='word_1_3' title='bbox 619 163 759 219; x_wconf 84' lang='lat' dir='ltr'><strong>OFILIUS</strong></span> <span class='ocrx_word' id='word_1_4' title='bbox 1035 164 1097 228; x_wconf 85' lang='grc'><strong>341</strong></span> 
     </span>
    </p>
   </div>
   <div class='ocr_carea' id='block_1_2' title="bbox 88 327 1099 1918">
    <p class='ocr_par' dir='ltr' id='par_1_2' title="bbox 90 327 1099 854">
     <span class='ocr_line' id='line_1_2' title="bbox 92 327 1099 409; baseline -0.003 -16"><span class='ocrx_word' id='word_1_5' title='bbox 92 334 194 393; x_wconf 91' lang='lat' dir='ltr'><strong>ordine</strong></span> <span class='ocrx_word' id='word_1_6' title='bbox 223 334 300 393; x_wconf 90' lang='lat' dir='ltr'><strong>latas</strong></span> <span class='ocrx_word' id='word_1_7' title='bbox 330 334 361 391; x_wconf 92' lang='lat' dir='ltr'><strong>in</strong></span> <span class='ocrx_word' id='word_1_8' title='bbox 388 353 483 392; x_wconf 91' lang='lat' dir='ltr'><strong>unum</strong></span> <span class='ocrx_word' id='word_1_9' title='bbox 506 327 693 409; x_wconf 86' lang='lat' dir='ltr'><strong>composuit&#39;.</strong></span> <span class='ocrx_word' id='word_1_10' title='bbox 730 330 789 408; x_wconf 74' lang='lat'><strong>§5</strong></span> <span class='ocrx_word' id='word_1_11' title='bbox 819 328 877 391; x_wconf 76' lang='lat' dir='ltr'><strong>‘ius</strong></span> <span class='ocrx_word' id='word_1_12' title='bbox 902 377 929 391; x_wconf 93' lang='lat'><strong>..</strong></span> <span class='ocrx_word' id='word_1_13' title='bbox 955 333 1099 408; x_wconf 91' lang='lat' dir='ltr'><strong>composi·</strong></span> 
     </span>
     <span class='ocr_line' id='line_1_3' title="bbox 91 413 1098 502; baseline -0.001 -21"><span class='ocrx_word' id='word_1_14' title='bbox 91 426 155 481; x_wconf 90' lang='lat' dir='ltr'><strong>tum</strong></span> <span class='ocrx_word' id='word_1_15' title='bbox 190 442 207 480; x_wconf 91' lang='lat' dir='ltr'><strong>a</strong></span> <span class='ocrx_word' id='word_1_16' title='bbox 237 416 458 498; x_wconf 88' lang='lat' dir='ltr'><strong>prudentibus&#39;.</strong></span> <span class='ocrx_word' id='word_1_17' title='bbox 507 421 565 497; x_wconf 76' lang='lat'><strong>§6</strong></span> <span class='ocrx_word' id='word_1_18' title='bbox 596 413 724 502; x_wconf 56' lang='grc' dir='ltr'><strong>ε(10010)</strong></span> <span class='ocrx_word' id='word_1_19' title='bbox 754 422 883 482; x_wconf 77' lang='lat' dir='ltr'>actiones</span> <span class='ocrx_word' id='word_1_20' title='bbox 916 422 1098 496; x_wconf 90' lang='lat' dir='ltr'><strong>compositae</strong></span> 
     </span>
     <span class='ocr_line' id='line_1_4' title="bbox 91 503 1098 590; baseline -0.002 -20"><span class='ocrx_word' id='word_1_21' title='bbox 91 505 183 570; x_wconf 85' lang='lat' dir='ltr'><strong>sunt’.</strong></span> <span class='ocrx_word' id='word_1_22' title='bbox 231 510 250 583; x_wconf 62' lang='grc' dir='ltr'>ἓ</span> <span class='ocrx_word' id='word_1_23' title='bbox 273 514 290 570; x_wconf 84' lang='grc'>7</span> <span class='ocrx_word' id='word_1_24' title='bbox 319 506 408 570; x_wconf 79' lang='lat' dir='ltr'><strong>‘alias</strong></span> <span class='ocrx_word' id='word_1_25' title='bbox 437 511 568 570; x_wconf 77' lang='lat' dir='ltr'><strong>actiones</strong></span> <span class='ocrx_word' id='word_1_26' title='bbox 597 503 810 590; x_wconf 85' lang='lat' dir='ltr'><strong>composuit’),</strong></span> <span class='ocrx_word' id='word_1_27' title='bbox 833 509 885 568; x_wconf 88' lang='lat' dir='ltr'><strong>sed</strong></span> <span class='ocrx_word' id='word_1_28' title='bbox 912 511 956 569; x_wconf 90' lang='lat' dir='ltr'><strong>ita</strong></span> <span class='ocrx_word' id='word_1_29' title='bbox 983 513 1098 569; x_wconf 92' lang='lat' dir='ltr'><strong>utnon</strong></span> 
     </span>
     <span class='ocr_line' id='line_1_5' title="bbox 91 592 1098 676; baseline -0.003 -17"><span class='ocrx_word' id='word_1_30' title='bbox 91 600 228 659; x_wconf 86' lang='lat' dir='ltr'><strong>offendat.</strong></span> <span class='ocrx_word' id='word_1_31' title='bbox 284 620 338 675; x_wconf 91' lang='lat' dir='ltr'><strong>pro</strong></span> <span class='ocrx_word' id='word_1_32' title='bbox 374 594 564 675; x_wconf 70' lang='lat' dir='ltr'><strong>‘composuit’</strong></span> <span class='ocrx_word' id='word_1_33' title='bbox 598 599 700 675; x_wconf 90' lang='lat' dir='ltr'><strong>potius</strong></span> <span class='ocrx_word' id='word_1_34' title='bbox 733 592 905 675; x_wconf 68' lang='lat' dir='ltr'><strong>‘exposuit’</strong></span> <span class='ocrx_word' id='word_1_35' title='bbox 939 598 1098 676; x_wconf 91' lang='lat' dir='ltr'><strong>legendum</strong></span> 
     </span>
     <span class='ocr_line' id='line_1_6' title="bbox 90 682 1098 765; baseline -0.002 -17"><span class='ocrx_word' id='word_1_36' title='bbox 90 689 218 749; x_wconf 89' lang='lat' dir='ltr'><strong>videtur.</strong></span> <span class='ocrx_word' id='word_1_37' title='bbox 256 690 291 747; x_wconf 86' lang='lat' dir='ltr'><strong>ef.</strong></span> <span class='ocrx_word' id='word_1_38' title='bbox 316 687 380 748; x_wconf 85' lang='lat' dir='ltr'><strong>Gai.</strong></span> <span class='ocrx_word' id='word_1_39' title='bbox 395 689 450 765; x_wconf 92' lang='grc' dir='ltr'>ΙΙΙ,</span> <span class='ocrx_word' id='word_1_40' title='bbox 466 690 507 748; x_wconf 85' lang='grc'><strong>54</strong></span> <span class='ocrx_word' id='word_1_41' title='bbox 532 682 717 765; x_wconf 77' lang='lat' dir='ltr'><strong>‘diligentior</strong></span> <span class='ocrx_word' id='word_1_42' title='bbox 740 687 951 763; x_wconf 69' lang='lat' dir='ltr'><strong>interpretatio</strong></span> <span class='ocrx_word' id='word_1_43' title='bbox 970 687 1098 763; x_wconf 89' lang='lat' dir='ltr'><strong>propriis</strong></span> 
     </span>
     <span class='ocr_line' id='line_1_7' title="bbox 90 771 1042 854; baseline -0.001 -18"><span class='ocrx_word' id='word_1_44' title='bbox 90 776 311 836; x_wconf 88' lang='lat' dir='ltr'><strong>commentariis</strong></span> <span class='ocrx_word' id='word_1_45' title='bbox 335 778 470 854; x_wconf 87' lang='lat' dir='ltr'><strong>exposita</strong></span> <span class='ocrx_word' id='word_1_46' title='bbox 492 771 558 836; x_wconf 90' lang='lat' dir='ltr'><strong>est&#39;.</strong></span> <span class='ocrx_word' id='word_1_47' title='bbox 1041 773 1042 776; x_wconf 66' lang='grc'>’</span> 
     </span>
    </p>

    <p class='ocr_par' dir='ltr' id='par_1_3' title="bbox 88 858 1099 1742">
     <span class='ocr_line' id='line_1_8' title="bbox 179 858 1098 945; baseline -0.002 -21"><span class='ocrx_word' id='word_1_48' title='bbox 179 864 302 925; x_wconf 90' lang='lat' dir='ltr'><strong>Ofilium</strong></span> <span class='ocrx_word' id='word_1_49' title='bbox 319 866 412 926; x_wconf 86' lang='lat' dir='ltr'><strong>libros</strong></span> <span class='ocrx_word' id='word_1_50' title='bbox 432 867 511 926; x_wconf 89' lang='lat' dir='ltr'><strong>circa</strong></span> <span class='ocrx_word' id='word_1_51' title='bbox 530 858 688 945; x_wconf 63' lang='grc'>0702152</span> <span class='ocrx_word' id='word_1_52' title='bbox 709 864 862 940; x_wconf 83' lang='lat' dir='ltr'><strong>scripsisse</strong></span> <span class='ocrx_word' id='word_1_53' title='bbox 881 865 947 924; x_wconf 90' lang='lat' dir='ltr'><strong>ideo</strong></span> <span class='ocrx_word' id='word_1_54' title='bbox 966 864 1098 925; x_wconf 90' lang='lat' dir='ltr'><strong>conicere</strong></span> 
     </span>
     <span class='ocr_line' id='line_1_9' title="bbox 89 947 1098 1032; baseline -0.001 -19"><span class='ocrx_word' id='word_1_55' title='bbox 89 955 168 1028; x_wconf 87' lang='grc'>11001,</span> <span class='ocrx_word' id='word_1_56' title='bbox 193 955 272 1032; x_wconf 93' lang='lat' dir='ltr'><strong>quod</strong></span> <span class='ocrx_word' id='word_1_57' title='bbox 291 953 393 1014; x_wconf 82' lang='lat' dir='ltr'><strong>Cicero</strong></span> <span class='ocrx_word' id='word_1_58' title='bbox 417 955 453 1013; x_wconf 92' lang='lat' dir='ltr'><strong>de</strong></span> <span class='ocrx_word' id='word_1_59' title='bbox 476 954 565 1032; x_wconf 83' lang='lat' dir='ltr'><strong>legib.</strong></span> <span class='ocrx_word' id='word_1_60' title='bbox 588 957 615 1031; x_wconf 88' lang='lat'><strong>1,</strong></span> <span class='ocrx_word' id='word_1_61' title='bbox 636 956 663 1030; x_wconf 85' lang='lat'><strong>5,</strong></span> <span class='ocrx_word' id='word_1_62' title='bbox 686 956 725 1012; x_wconf 84' lang='grc'><strong>17</strong></span> <span class='ocrx_word' id='word_1_63' title='bbox 750 954 806 1012; x_wconf 85' lang='grc'>011;</span> <span class='ocrx_word' id='word_1_64' title='bbox 829 947 901 1013; x_wconf 71' lang='lat' dir='ltr'><strong>‘non</strong></span> <span class='ocrx_word' id='word_1_65' title='bbox 924 999 952 1013; x_wconf 91' lang='lat'><strong>..</strong></span> <span class='ocrx_word' id='word_1_66' title='bbox 977 973 1098 1029; x_wconf 90' lang='lat' dir='ltr'><strong>aprae-</strong></span> 
     </span>
     <span class='ocr_line' id='line_1_10' title="bbox 88 1042 1098 1121; baseline -0.001 -20"><span class='ocrx_word' id='word_1_67' title='bbox 88 1043 164 1102; x_wconf 86' lang='lat' dir='ltr'><strong>toris</strong></span> <span class='ocrx_word' id='word_1_68' title='bbox 188 1044 294 1121; x_wconf 89' lang='lat' dir='ltr'><strong>edicto,</strong></span> <span class='ocrx_word' id='word_1_69' title='bbox 321 1046 358 1102; x_wconf 91' lang='lat' dir='ltr'><strong>ut</strong></span> <span class='ocrx_word' id='word_1_70' title='bbox 379 1044 547 1120; x_wconf 90' lang='lat' dir='ltr'><strong>plerique</strong></span> <span class='ocrx_word' id='word_1_71' title='bbox 570 1061 661 1120; x_wconf 91' lang='lat' dir='ltr'><strong>nunc,</strong></span> <span class='ocrx_word' id='word_1_72' title='bbox 684 1042 883 1101; x_wconf 89' lang='lat' dir='ltr'><strong>hauriendum</strong></span> <span class='ocrx_word' id='word_1_73' title='bbox 906 1042 979 1101; x_wconf 90' lang='lat' dir='ltr'><strong>iuris</strong></span> <span class='ocrx_word' id='word_1_74' title='bbox 1000 1043 1098 1103; x_wconf 82' lang='lat' dir='ltr'><strong>civilis</strong></span> 
     </span>
     <span class='ocr_line' id='line_1_11' title="bbox 90 1127 1098 1210; baseline 0.001 -20"><span class='ocrx_word' id='word_1_75' title='bbox 90 1131 278 1207; x_wconf 82' lang='lat' dir='ltr'><strong>disciplinam</strong></span> <span class='ocrx_word' id='word_1_76' title='bbox 301 1127 411 1207; x_wconf 88' lang='lat' dir='ltr'><strong>putas&#39;.</strong></span> <span class='ocrx_word' id='word_1_77' title='bbox 449 1133 521 1210; x_wconf 92' lang='lat' dir='ltr'><strong>quin</strong></span> <span class='ocrx_word' id='word_1_78' title='bbox 541 1131 573 1190; x_wconf 92' lang='lat' dir='ltr'><strong>in</strong></span> <span class='ocrx_word' id='word_1_79' title='bbox 591 1132 816 1206; x_wconf 84' lang='lat' dir='ltr'><strong>interpretando</strong></span> <span class='ocrx_word' id='word_1_80' title='bbox 834 1132 982 1207; x_wconf 86' lang='lat' dir='ltr'><strong>praetoris</strong></span> <span class='ocrx_word' id='word_1_81' title='bbox 1001 1132 1098 1191; x_wconf 90' lang='lat' dir='ltr'><strong>edicto</strong></span> 
     </span>
     <span class='ocr_line' id='line_1_12' title="bbox 91 1219 1098 1302; baseline -0.001 -24"><span class='ocrx_word' id='word_1_82' title='bbox 91 1219 229 1280; x_wconf 85' lang='lat' dir='ltr'><strong>Servium</strong></span> <span class='ocrx_word' id='word_1_83' title='bbox 261 1225 381 1302; x_wconf 87' lang='lat' dir='ltr'><strong>secutus</strong></span> <span class='ocrx_word' id='word_1_84' title='bbox 415 1221 467 1299; x_wconf 91' lang='lat' dir='ltr'><strong>sit,</strong></span> <span class='ocrx_word' id='word_1_85' title='bbox 499 1220 632 1280; x_wconf 82' lang='lat' dir='ltr'><strong>dubitari</strong></span> <span class='ocrx_word' id='word_1_86' title='bbox 663 1220 782 1297; x_wconf 87' lang='lat' dir='ltr'><strong>nequit:</strong></span> <span class='ocrx_word' id='word_1_87' title='bbox 813 1220 983 1296; x_wconf 88' lang='lat' dir='ltr'><strong>ubicunque</strong></span> <span class='ocrx_word' id='word_1_88' title='bbox 1017 1219 1098 1279; x_wconf 88' lang='lat' dir='ltr'><strong>Ofilii</strong></span> 
     </span>
     <span class='ocr_line' id='line_1_13' title="bbox 91 1305 1098 1386; baseline 0.001 -19"><span class='ocrx_word' id='word_1_89' title='bbox 91 1309 246 1385; x_wconf 84' lang='lat' dir='ltr'><strong>Serviique</strong></span> <span class='ocrx_word' id='word_1_90' title='bbox 275 1310 439 1370; x_wconf 91' lang='lat' dir='ltr'><strong>sententiae</strong></span> <span class='ocrx_word' id='word_1_91' title='bbox 468 1305 559 1369; x_wconf 91' lang='lat' dir='ltr'><strong>simul</strong></span> <span class='ocrx_word' id='word_1_92' title='bbox 586 1312 806 1386; x_wconf 90' lang='lat' dir='ltr'><strong>proponuntur,</strong></span> <span class='ocrx_word' id='word_1_93' title='bbox 834 1309 921 1368; x_wconf 92' lang='lat' dir='ltr'><strong>illum</strong></span> <span class='ocrx_word' id='word_1_94' title='bbox 948 1327 1016 1368; x_wconf 92' lang='lat' dir='ltr'><strong>oum</strong></span> <span class='ocrx_word' id='word_1_95' title='bbox 1042 1309 1098 1368; x_wconf 90' lang='lat' dir='ltr'><strong>hoc</strong></span> 
     </span>
     <span class='ocr_line' id='line_1_14' title="bbox 90 1397 1095 1476; baseline 0 -21"><span class='ocrx_word' id='word_1_96' title='bbox 90 1399 153 1456; x_wconf 91' lang='lat' dir='ltr'><strong>fere</strong></span> <span class='ocrx_word' id='word_1_97' title='bbox 191 1401 356 1458; x_wconf 90' lang='lat' dir='ltr'><strong>consentire</strong></span> <span class='ocrx_word' id='word_1_98' title='bbox 388 1399 526 1460; x_wconf 87' lang='lat' dir='ltr'><strong>vidimus.</strong></span> <span class='ocrx_word' id='word_1_99' title='bbox 581 1401 700 1456; x_wconf 89' lang='lat' dir='ltr'><strong>tentum</strong></span> <span class='ocrx_word' id='word_1_100' title='bbox 731 1397 763 1455; x_wconf 89' lang='grc'><strong>10</strong></span> <span class='ocrx_word' id='word_1_101' title='bbox 794 1397 832 1457; x_wconf 89' lang='lat' dir='ltr'><strong>D.</strong></span> <span class='ocrx_word' id='word_1_102' title='bbox 850 1400 907 1476; x_wconf 88' lang='grc'><strong>43,</strong></span> <span class='ocrx_word' id='word_1_103' title='bbox 927 1400 982 1475; x_wconf 91' lang='grc'><strong>20,</strong></span> <span class='ocrx_word' id='word_1_104' title='bbox 1002 1400 1034 1475; x_wconf 95' lang='grc'><strong>1,</strong></span> <span class='ocrx_word' id='word_1_105' title='bbox 1056 1400 1095 1456; x_wconf 84' lang='grc'><strong>17</strong></span> 
     </span>
     <span class='ocr_line' id='line_1_15' title="bbox 91 1485 1099 1563; baseline 0 -19"><span class='ocrx_word' id='word_1_106' title='bbox 91 1487 240 1546; x_wconf 87' lang='lat' dir='ltr'><strong>dubitatio</strong></span> <span class='ocrx_word' id='word_1_107' title='bbox 273 1491 326 1547; x_wconf 88' lang='lat' dir='ltr'><strong>est.</strong></span> <span class='ocrx_word' id='word_1_108' title='bbox 378 1487 416 1547; x_wconf 92' lang='lat' dir='ltr'><strong>ad</strong></span> <span class='ocrx_word' id='word_1_109' title='bbox 444 1487 535 1546; x_wconf 88' lang='lat' dir='ltr'><strong>edicti</strong></span> <span class='ocrx_word' id='word_1_110' title='bbox 561 1495 633 1547; x_wconf 87' lang='lat' dir='ltr'><strong>vero</strong></span> <span class='ocrx_word' id='word_1_111' title='bbox 660 1485 939 1563; x_wconf 83' lang='lat' dir='ltr'><strong>interpretationem</strong></span> <span class='ocrx_word' id='word_1_112' title='bbox 965 1487 1099 1563; x_wconf 89' lang='lat' dir='ltr'><strong>pertinet</strong></span> 
     </span>
     <span class='ocr_line' id='line_1_16' title="bbox 88 1575 1097 1652; baseline 0 -19"><span class='ocrx_word' id='word_1_113' title='bbox 88 1594 148 1634; x_wconf 92' lang='lat' dir='ltr'><strong>non</strong></span> <span class='ocrx_word' id='word_1_114' title='bbox 172 1577 269 1634; x_wconf 89' lang='lat' dir='ltr'><strong>solum</strong></span> <span class='ocrx_word' id='word_1_115' title='bbox 293 1575 352 1636; x_wconf 88' lang='lat' dir='ltr'><strong>Oic.</strong></span> <span class='ocrx_word' id='word_1_116' title='bbox 376 1577 414 1635; x_wconf 87' lang='lat' dir='ltr'><strong>ed</strong></span> <span class='ocrx_word' id='word_1_117' title='bbox 437 1577 507 1636; x_wconf 87' lang='lat' dir='ltr'><strong>fam.</strong></span> <span class='ocrx_word' id='word_1_118' title='bbox 528 1575 556 1652; x_wconf 79' lang='grc'><strong>1,</strong></span> <span class='ocrx_word' id='word_1_119' title='bbox 576 1579 627 1652; x_wconf 93' lang='grc'><strong>21,</strong></span> <span class='ocrx_word' id='word_1_120' title='bbox 652 1575 703 1634; x_wconf 88' lang='lat' dir='ltr'><strong>sed</strong></span> <span class='ocrx_word' id='word_1_121' title='bbox 726 1575 853 1634; x_wconf 83' lang='lat' dir='ltr'><strong>fortasse</strong></span> <span class='ocrx_word' id='word_1_122' title='bbox 879 1575 970 1634; x_wconf 86' lang='lat' dir='ltr'><strong>etiam</strong></span> <span class='ocrx_word' id='word_1_123' title='bbox 993 1575 1030 1634; x_wconf 89' lang='lat' dir='ltr'><strong>D.</strong></span> <span class='ocrx_word' id='word_1_124' title='bbox 1047 1578 1097 1652; x_wconf 92' lang='grc'><strong>14,</strong></span> 
     </span>
     <span class='ocr_line' id='line_1_17' title="bbox 90 1664 536 1742; baseline 0.002 -21"><span class='ocrx_word' id='word_1_125' title='bbox 90 1665 118 1738; x_wconf 89' lang='grc'><strong>2,</strong></span> <span class='ocrx_word' id='word_1_126' title='bbox 139 1666 167 1742; x_wconf 90' lang='grc'><strong>2,</strong></span> <span class='ocrx_word' id='word_1_127' title='bbox 187 1667 215 1723; x_wconf 89' lang='grc'>3.</span> <span class='ocrx_word' id='word_1_128' title='bbox 262 1665 298 1722; x_wconf 88' lang='lat' dir='ltr'><strong>ef.</strong></span> <span class='ocrx_word' id='word_1_129' title='bbox 321 1664 414 1724; x_wconf 87' lang='lat' dir='ltr'><strong>Lenel</strong></span> <span class='ocrx_word' id='word_1_130' title='bbox 436 1664 469 1722; x_wconf 89' lang='grc' dir='ltr'>Ρ.</span> <span class='ocrx_word' id='word_1_131' title='bbox 484 1666 536 1724; x_wconf 88' lang='grc'><strong>40.</strong></span> 
     </span>
    </p>

    <p class='ocr_par' dir='ltr' id='par_1_4' title="bbox 89 1752 1097 1918">
     <span class='ocr_line' id='line_1_18' title="bbox 176 1752 1097 1829; baseline -0.001 -18"><span class='ocrx_word' id='word_1_132' title='bbox 176 1753 284 1829; x_wconf 85' lang='grc'>110000</span> <span class='ocrx_word' id='word_1_133' title='bbox 307 1753 446 1812; x_wconf 89' lang='lat' dir='ltr'><strong>hocloco</strong></span> <span class='ocrx_word' id='word_1_134' title='bbox 469 1753 640 1829; x_wconf 88' lang='lat' dir='ltr'><strong>fragmenta</strong></span> <span class='ocrx_word' id='word_1_135' title='bbox 662 1752 814 1829; x_wconf 80' lang='lat' dir='ltr'><strong>collocavi,</strong></span> <span class='ocrx_word' id='word_1_136' title='bbox 838 1770 912 1829; x_wconf 88' lang='lat' dir='ltr'><strong>quae</strong></span> <span class='ocrx_word' id='word_1_137' title='bbox 932 1752 1020 1812; x_wconf 89' lang='lat' dir='ltr'><strong>huius</strong></span> <span class='ocrx_word' id='word_1_138' title='bbox 1038 1753 1097 1812; x_wconf 89' lang='lat' dir='ltr'><strong>loci</strong></span> 
     </span>
     <span class='ocr_line' id='line_1_19' title="bbox 89 1839 1097 1918; baseline 0.003 -20"><span class='ocrx_word' id='word_1_139' title='bbox 89 1858 153 1899; x_wconf 92' lang='grc'>0000</span> <span class='ocrx_word' id='word_1_140' title='bbox 178 1844 311 1918; x_wconf 84' lang='lat' dir='ltr'><strong>possunt,</strong></span> <span class='ocrx_word' id='word_1_141' title='bbox 334 1840 468 1900; x_wconf 90' lang='lat' dir='ltr'><strong>ordinem</strong></span> <span class='ocrx_word' id='word_1_142' title='bbox 491 1841 582 1899; x_wconf 91' lang='lat' dir='ltr'><strong>edicti</strong></span> <span class='ocrx_word' id='word_1_143' title='bbox 605 1859 623 1898; x_wconf 88' lang='lat' dir='ltr'><strong>a</strong></span> <span class='ocrx_word' id='word_1_144' title='bbox 645 1839 763 1900; x_wconf 88' lang='lat' dir='ltr'><strong>Iuliano</strong></span> <span class='ocrx_word' id='word_1_145' title='bbox 787 1841 945 1917; x_wconf 81' lang='lat' dir='ltr'><strong>compositi</strong></span> <span class='ocrx_word' id='word_1_146' title='bbox 968 1846 1097 1901; x_wconf 87' lang='lat' dir='ltr'><strong>secutus.</strong></span> 
     </span>
    </p>
   </div>
   <div class='ocr_carea' id='block_1_3' title="bbox 363 2026 827 2101">
    <p class='ocr_par' dir='ltr' id='par_1_5' title="bbox 363 2026 827 2101">
     <span class='ocr_line' id='line_1_20' title="bbox 363 2026 827 2101; baseline 0.006 -17"><span class='ocrx_word' id='word_1_147' title='bbox 363 2026 410 2086; x_wconf 89' lang='lat' dir='ltr'><strong>Dc</strong></span> <span class='ocrx_word' id='word_1_148' title='bbox 432 2028 628 2086; x_wconf 80' lang='lat' dir='ltr'><strong>iurisdictione</strong></span> <span class='ocrx_word' id='word_1_149' title='bbox 649 2028 827 2101; x_wconf 76' lang='lat' dir='ltr'><strong>municipali.</strong></span> 
     </span>
    </p>
   </div>
   <div class='ocr_carea' id='block_1_4' title="bbox 86 2134 1096 2753">
    <p class='ocr_par' dir='ltr' id='par_1_6' title="bbox 86 2134 1096 2753">
     <span class='ocr_line' id='line_1_21' title="bbox 179 2134 1096 2221; baseline 0.002 -23"><span class='ocrx_word' id='word_1_150' title='bbox 179 2137 207 2198; x_wconf 88' lang='lat'><strong>1.</strong></span> <span class='ocrx_word' id='word_1_151' title='bbox 234 2135 274 2201; x_wconf 90' lang='lat' dir='ltr'><strong>D.</strong></span> <span class='ocrx_word' id='word_1_152' title='bbox 292 2137 327 2219; x_wconf 91' lang='grc'><strong>2,</strong></span> <span class='ocrx_word' id='word_1_153' title='bbox 349 2137 380 2219; x_wconf 88' lang='grc'><strong>1,</strong></span> <span class='ocrx_word' id='word_1_154' title='bbox 397 2138 452 2220; x_wconf 89' lang='grc'><strong>11,</strong></span> <span class='ocrx_word' id='word_1_155' title='bbox 466 2137 497 2202; x_wconf 90' lang='grc'><strong>2.</strong></span> <span class='ocrx_word' id='word_1_156' title='bbox 534 2134 633 2202; x_wconf 81' lang='lat' dir='ltr'><strong>Gaius</strong></span> <span class='ocrx_word' id='word_1_157' title='bbox 657 2136 742 2201; x_wconf 92' lang='lat' dir='ltr'><strong>libro</strong></span> <span class='ocrx_word' id='word_1_158' title='bbox 766 2137 871 2221; x_wconf 87' lang='lat' dir='ltr'><strong>primo</strong></span> <span class='ocrx_word' id='word_1_159' title='bbox 896 2137 936 2201; x_wconf 91' lang='lat' dir='ltr'><strong>ad</strong></span> <span class='ocrx_word' id='word_1_160' title='bbox 959 2137 1096 2202; x_wconf 91' lang='lat' dir='ltr'><strong>edictum</strong></span> 
     </span>
     <span class='ocr_line' id='line_1_22' title="bbox 88 2221 1096 2309; baseline 0.003 -23"><span class='ocrx_word' id='word_1_161' title='bbox 88 2224 284 2305; x_wconf 87' lang='lat' dir='ltr'><strong>provinciale</strong></span> <span class='ocrx_word' id='word_1_162' title='bbox 307 2221 356 2308; x_wconf 92' lang='lat' dir='ltr'><strong>(P.</strong></span> <span class='ocrx_word' id='word_1_163' title='bbox 376 2222 442 2309; x_wconf 80' lang='lat'><strong>56).</strong></span> <span class='ocrx_word' id='word_1_164' title='bbox 488 2224 522 2289; x_wconf 91' lang='lat' dir='ltr'><strong>Si</strong></span> <span class='ocrx_word' id='word_1_165' title='bbox 549 2248 614 2290; x_wconf 94' lang='grc'><strong>000</strong></span> <span class='ocrx_word' id='word_1_166' title='bbox 642 2225 727 2290; x_wconf 87' lang='grc'>00110</span> <span class='ocrx_word' id='word_1_167' title='bbox 758 2226 937 2290; x_wconf 90' lang='lat' dir='ltr'><strong>communis</strong></span> <span class='ocrx_word' id='word_1_168' title='bbox 961 2225 1004 2290; x_wconf 92' lang='lat' dir='ltr'><strong>sit</strong></span> <span class='ocrx_word' id='word_1_169' title='bbox 1026 2227 1096 2309; x_wconf 76' lang='lat' dir='ltr'><strong>plu-</strong></span> 
     </span>
     <span class='ocr_line' id='line_1_23' title="bbox 87 2313 1095 2398; baseline 0.004 -23"><span class='ocrx_word' id='word_1_170' title='bbox 87 2313 171 2376; x_wconf 91' lang='lat' dir='ltr'><strong>rium</strong></span> <span class='ocrx_word' id='word_1_171' title='bbox 189 2334 409 2398; x_wconf 85' lang='lat' dir='ltr'><strong>personarum,</strong></span> <span class='ocrx_word' id='word_1_172' title='bbox 427 2314 526 2380; x_wconf 87' lang='lat' dir='ltr'><strong>veluti</strong></span> <span class='ocrx_word' id='word_1_173' title='bbox 545 2314 687 2379; x_wconf 87' lang='lat' dir='ltr'><strong>familiae</strong></span> <span class='ocrx_word' id='word_1_174' title='bbox 702 2315 916 2393; x_wconf 84' lang='lat' dir='ltr'><strong>erciscundae,</strong></span> <span class='ocrx_word' id='word_1_175' title='bbox 932 2315 1095 2379; x_wconf 89' lang='lat' dir='ltr'><strong>communi</strong></span> 
     </span>
     <span class='ocr_line' id='line_1_24' title="bbox 88 2400 1094 2488; baseline 0.004 -24"><span class='ocrx_word' id='word_1_176' title='bbox 88 2400 270 2486; x_wconf 89' lang='lat' dir='ltr'><strong>dividundo,</strong></span> <span class='ocrx_word' id='word_1_177' title='bbox 294 2402 406 2466; x_wconf 90' lang='lat' dir='ltr'><strong>finium</strong></span> <span class='ocrx_word' id='word_1_178' title='bbox 434 2403 660 2488; x_wconf 82' lang='lat' dir='ltr'><strong>regundorum,</strong></span> <span class='ocrx_word' id='word_1_179' title='bbox 683 2407 791 2468; x_wconf 90' lang='lat' dir='ltr'><strong>utrum</strong></span> <span class='ocrx_word' id='word_1_180' title='bbox 815 2403 964 2488; x_wconf 84' lang='lat' dir='ltr'><strong>singulae</strong></span> <span class='ocrx_word' id='word_1_181' title='bbox 986 2407 1094 2487; x_wconf 88' lang='lat' dir='ltr'><strong>partes</strong></span> 
     </span>
     <span class='ocr_line' id='line_1_25' title="bbox 88 2491 1096 2578; baseline 0.003 -25"><span class='ocrx_word' id='word_1_182' title='bbox 88 2491 277 2573; x_wconf 87' lang='lat' dir='ltr'><strong>spectandae</strong></span> <span class='ocrx_word' id='word_1_183' title='bbox 298 2495 373 2556; x_wconf 89' lang='lat' dir='ltr'><strong>sunt</strong></span> <span class='ocrx_word' id='word_1_184' title='bbox 392 2492 476 2556; x_wconf 86' lang='lat' dir='ltr'><strong>circa</strong></span> <span class='ocrx_word' id='word_1_185' title='bbox 493 2491 747 2557; x_wconf 88' lang='lat' dir='ltr'><strong>iurisdictionem</strong></span> <span class='ocrx_word' id='word_1_186' title='bbox 762 2492 830 2556; x_wconf 85' lang='lat' dir='ltr'><strong>eius</strong></span> <span class='ocrx_word' id='word_1_187' title='bbox 845 2492 900 2576; x_wconf 89' lang='lat' dir='ltr'><strong>qui</strong></span> <span class='ocrx_word' id='word_1_188' title='bbox 920 2492 1096 2578; x_wconf 85' lang='lat' dir='ltr'><strong>cognoscit,</strong></span> 
     </span>
     <span class='ocr_line' id='line_1_26' title="bbox 87 2578 1095 2667; baseline 0.002 -24"><span class='ocrx_word' id='word_1_189' title='bbox 87 2580 171 2663; x_wconf 85' lang='lat' dir='ltr'><strong>quod</strong></span> <span class='ocrx_word' id='word_1_190' title='bbox 200 2578 297 2644; x_wconf 92' lang='lat' dir='ltr'><strong>Ofilio</strong></span> <span class='ocrx_word' id='word_1_191' title='bbox 327 2581 530 2664; x_wconf 88' lang='lat' dir='ltr'><strong>...placet,</strong></span> <span class='ocrx_word' id='word_1_192' title='bbox 558 2581 634 2665; x_wconf 90' lang='grc'>0010</span> <span class='ocrx_word' id='word_1_193' title='bbox 662 2603 745 2645; x_wconf 90' lang='grc'>0000</span> <span class='ocrx_word' id='word_1_194' title='bbox 774 2581 909 2665; x_wconf 87' lang='grc'>0010000</span> <span class='ocrx_word' id='word_1_195' title='bbox 937 2582 975 2645; x_wconf 87' lang='grc'><strong>(10</strong></span> <span class='ocrx_word' id='word_1_196' title='bbox 1002 2585 1095 2667; x_wconf 87' lang='lat' dir='ltr'><strong>parte</strong></span> 
     </span>
     <span class='ocr_line' id='line_1_27' title="bbox 86 2668 655 2753; baseline 0.005 -22"><span class='ocrx_word' id='word_1_197' title='bbox 86 2690 144 2732; x_wconf 88' lang='grc'><strong>000</strong></span> <span class='ocrx_word' id='word_1_198' title='bbox 168 2668 290 2753; x_wconf 85' lang='lat' dir='ltr'><strong>litigat,</strong></span> <span class='ocrx_word' id='word_1_199' title='bbox 315 2690 356 2732; x_wconf 91' lang='lat' dir='ltr'><strong>an</strong></span> <span class='ocrx_word' id='word_1_200' title='bbox 378 2669 487 2751; x_wconf 88' lang='grc'>001100</span> <span class='ocrx_word' id='word_1_201' title='bbox 509 2672 580 2734; x_wconf 85' lang='grc'>1010</span> <span class='ocrx_word' id='word_1_202' title='bbox 603 2692 655 2734; x_wconf 87' lang='lat' dir='ltr'><strong>res</strong></span> 
     </span>
    </p>
   </div>
   <div class='ocr_carea' id='block_1_5' title="bbox 232 2815 952 2886">
    <p class='ocr_par' dir='ltr' id='par_1_7' title="bbox 232 2815 952 2886">
     <span class='ocr_line' id='line_1_28' title="bbox 232 2815 952 2886; baseline 0.004 -17"><span class='ocrx_word' id='word_1_203' title='bbox 232 2815 276 2870; x_wconf 85' lang='lat' dir='ltr'><strong>Nc</strong></span> <span class='ocrx_word' id='word_1_204' title='bbox 294 2817 356 2886; x_wconf 80' lang='lat' dir='ltr'><strong>quis</strong></span> <span class='ocrx_word' id='word_1_205' title='bbox 374 2832 433 2871; x_wconf 80' lang='lat' dir='ltr'><strong>cum</strong></span> <span class='ocrx_word' id='word_1_206' title='bbox 451 2818 500 2886; x_wconf 78' lang='lat' dir='ltr'><strong>qui</strong></span> <span class='ocrx_word' id='word_1_207' title='bbox 517 2818 549 2871; x_wconf 80' lang='lat' dir='ltr'><strong>in</strong></span> <span class='ocrx_word' id='word_1_208' title='bbox 566 2818 611 2872; x_wconf 77' lang='lat' dir='ltr'><strong>icc</strong></span> <span class='ocrx_word' id='word_1_209' title='bbox 628 2817 779 2885; x_wconf 79' lang='lat' dir='ltr'><strong>uocabitur,</strong></span> <span class='ocrx_word' id='word_1_210' title='bbox 797 2819 826 2874; x_wconf 84' lang='lat' dir='ltr'><strong>oi</strong></span> <span class='ocrx_word' id='word_1_211' title='bbox 843 2819 952 2873; x_wconf 76' lang='lat' dir='ltr'><strong>eximat.</strong></span> 
     </span>
    </p>
   </div>
   <div class='ocr_carea' id='block_1_6' title="bbox 84 2914 1094 3266">
    <p class='ocr_par' dir='ltr' id='par_1_8' title="bbox 84 2914 1094 3266">
     <span class='ocr_line' id='line_1_29' title="bbox 175 2914 1094 3001; baseline 0.001 -22"><span class='ocrx_word' id='word_1_212' title='bbox 175 2916 204 2979; x_wconf 91' lang='grc'><strong>2.</strong></span> <span class='ocrx_word' id='word_1_213' title='bbox 228 2914 267 2980; x_wconf 93' lang='lat' dir='ltr'><strong>D.</strong></span> <span class='ocrx_word' id='word_1_214' title='bbox 281 2917 311 2998; x_wconf 94' lang='grc'><strong>2,</strong></span> <span class='ocrx_word' id='word_1_215' title='bbox 326 2918 354 3000; x_wconf 78' lang='lat'><strong>7,</strong></span> <span class='ocrx_word' id='word_1_216' title='bbox 372 2920 399 3001; x_wconf 90' lang='lat'><strong>1,</strong></span> <span class='ocrx_word' id='word_1_217' title='bbox 417 2918 445 2981; x_wconf 91' lang='grc'>2.</span> <span class='ocrx_word' id='word_1_218' title='bbox 486 2914 641 3001; x_wconf 88' lang='lat' dir='ltr'><strong>Ulpianus</strong></span> <span class='ocrx_word' id='word_1_219' title='bbox 661 2917 745 2982; x_wconf 88' lang='lat' dir='ltr'><strong>libro</strong></span> <span class='ocrx_word' id='word_1_220' title='bbox 765 2918 879 3000; x_wconf 90' lang='lat' dir='ltr'><strong>quinto</strong></span> <span class='ocrx_word' id='word_1_221' title='bbox 899 2917 939 2982; x_wconf 88' lang='lat' dir='ltr'><strong>ad</strong></span> <span class='ocrx_word' id='word_1_222' title='bbox 953 2918 1094 2983; x_wconf 88' lang='lat' dir='ltr'><strong>edietum</strong></span> 
     </span>
     <span class='ocr_line' id='line_1_30' title="bbox 86 3001 1094 3090; baseline -0.001 -21"><span class='ocrx_word' id='word_1_223' title='bbox 86 3001 135 3088; x_wconf 89' lang='lat' dir='ltr'><strong>(P.</strong></span> <span class='ocrx_word' id='word_1_224' title='bbox 149 3002 239 3090; x_wconf 87' lang='grc'>269).</span> <span class='ocrx_word' id='word_1_225' title='bbox 280 3003 394 3070; x_wconf 87' lang='lat' dir='ltr'><strong>Ofilius</strong></span> <span class='ocrx_word' id='word_1_226' title='bbox 417 3008 512 3089; x_wconf 87' lang='lat' dir='ltr'><strong>putat</strong></span> <span class='ocrx_word' id='word_1_227' title='bbox 535 3007 640 3070; x_wconf 91' lang='lat' dir='ltr'><strong>locum</strong></span> <span class='ocrx_word' id='word_1_228' title='bbox 664 3005 726 3070; x_wconf 92' lang='lat' dir='ltr'><strong>hoc</strong></span> <span class='ocrx_word' id='word_1_229' title='bbox 750 3005 852 3070; x_wconf 87' lang='lat' dir='ltr'><strong>edicto</strong></span> <span class='ocrx_word' id='word_1_230' title='bbox 875 3027 1042 3089; x_wconf 89' lang='grc'>0000000,</span> <span class='ocrx_word' id='word_1_231' title='bbox 1066 3005 1094 3069; x_wconf 90' lang='grc'><strong>01</strong></span> 
     </span>
     <span class='ocr_line' id='line_1_31' title="bbox 84 3093 1094 3179; baseline 0 -23"><span class='ocrx_word' id='word_1_232' title='bbox 84 3115 250 3176; x_wconf 80' lang='lat' dir='ltr'><strong>persona„</strong></span> <span class='ocrx_word' id='word_1_233' title='bbox 265 3115 346 3177; x_wconf 90' lang='lat' dir='ltr'><strong>quae</strong></span> <span class='ocrx_word' id='word_1_234' title='bbox 368 3093 404 3158; x_wconf 91' lang='lat' dir='ltr'><strong>in</strong></span> <span class='ocrx_word' id='word_1_235' title='bbox 427 3095 477 3158; x_wconf 92' lang='lat' dir='ltr'><strong>ius</strong></span> <span class='ocrx_word' id='word_1_236' title='bbox 500 3094 608 3159; x_wconf 83' lang='lat' dir='ltr'><strong>vocari</strong></span> <span class='ocrx_word' id='word_1_237' title='bbox 630 3115 695 3158; x_wconf 88' lang='lat' dir='ltr'><strong>nou</strong></span> <span class='ocrx_word' id='word_1_238' title='bbox 717 3094 839 3178; x_wconf 90' lang='lat' dir='ltr'><strong>potuit,</strong></span> <span class='ocrx_word' id='word_1_239' title='bbox 864 3099 1012 3179; x_wconf 86' lang='lat' dir='ltr'><strong>exempta</strong></span> <span class='ocrx_word' id='word_1_240' title='bbox 1035 3097 1094 3176; x_wconf 91' lang='lat' dir='ltr'><strong>est,</strong></span> 
     </span>
     <span class='ocr_line' id='line_1_32' title="bbox 84 3182 960 3266; baseline 0.003 -21"><span class='ocrx_word' id='word_1_241' title='bbox 84 3182 186 3246; x_wconf 89' lang='lat' dir='ltr'><strong>veluti</strong></span> <span class='ocrx_word' id='word_1_242' title='bbox 209 3204 326 3264; x_wconf 88' lang='lat' dir='ltr'><strong>parens</strong></span> <span class='ocrx_word' id='word_1_243' title='bbox 351 3187 383 3247; x_wconf 91' lang='lat' dir='ltr'><strong>et</strong></span> <span class='ocrx_word' id='word_1_244' title='bbox 405 3186 560 3266; x_wconf 85' lang='lat' dir='ltr'><strong>patronus</strong></span> <span class='ocrx_word' id='word_1_245' title='bbox 584 3186 772 3266; x_wconf 87' lang='lat' dir='ltr'><strong>ceteraeque</strong></span> <span class='ocrx_word' id='word_1_246' title='bbox 795 3204 960 3266; x_wconf 87' lang='lat' dir='ltr'><strong>personae.</strong></span> 
     </span>
    </p>
   </div>
   <div class='ocr_carea' id='block_1_7' title="bbox 377 3330 805 3401">
    <p class='ocr_par' dir='ltr' id='par_1_9' title="bbox 377 3330 805 3401">
     <span class='ocr_line' id='line_1_33' title="bbox 377 3330 805 3401; baseline 0.002 -17"><span class='ocrx_word' id='word_1_247' title='bbox 377 3330 410 3384; x_wconf 80' lang='lat' dir='ltr'><strong>Si</strong></span> <span class='ocrx_word' id='word_1_248' title='bbox 427 3347 461 3386; x_wconf 82' lang='lat' dir='ltr'><strong>ecc</strong></span> <span class='ocrx_word' id='word_1_249' title='bbox 478 3331 576 3386; x_wconf 78' lang='lat' dir='ltr'><strong>noxali</strong></span> <span class='ocrx_word' id='word_1_250' title='bbox 594 3347 678 3386; x_wconf 82' lang='lat' dir='ltr'><strong>cocco</strong></span> <span class='ocrx_word' id='word_1_251' title='bbox 697 3335 805 3401; x_wconf 75' lang='lat' dir='ltr'><strong>apator.</strong></span> 
     </span>
    </p>
   </div>
   <div class='ocr_carea' id='block_1_8' title="bbox 83 3427 1128 3603">
    <p class='ocr_par' dir='ltr' id='par_1_10' title="bbox 83 3427 1128 3603">
     <span class='ocr_line' id='line_1_34' title="bbox 174 3427 1097 3515; baseline 0 -22"><span class='ocrx_word' id='word_1_252' title='bbox 174 3431 203 3494; x_wconf 85' lang='lat'><strong>3.</strong></span> <span class='ocrx_word' id='word_1_253' title='bbox 226 3429 264 3494; x_wconf 91' lang='lat' dir='ltr'><strong>D.</strong></span> <span class='ocrx_word' id='word_1_254' title='bbox 275 3431 305 3513; x_wconf 82' lang='lat'><strong>2,</strong></span> <span class='ocrx_word' id='word_1_255' title='bbox 315 3430 344 3513; x_wconf 88' lang='lat'><strong>9,</strong></span> <span class='ocrx_word' id='word_1_256' title='bbox 357 3432 385 3514; x_wconf 89' lang='lat'><strong>1,</strong></span> <span class='ocrx_word' id='word_1_257' title='bbox 397 3432 425 3496; x_wconf 90' lang='lat'><strong>1.</strong></span> <span class='ocrx_word' id='word_1_258' title='bbox 456 3430 614 3515; x_wconf 85' lang='lat' dir='ltr'><strong>Ulpianus</strong></span> <span class='ocrx_word' id='word_1_259' title='bbox 633 3427 717 3496; x_wconf 88' lang='lat' dir='ltr'><strong>libro</strong></span> <span class='ocrx_word' id='word_1_260' title='bbox 737 3431 875 3514; x_wconf 88' lang='lat' dir='ltr'><strong>septimo</strong></span> <span class='ocrx_word' id='word_1_261' title='bbox 895 3431 935 3495; x_wconf 88' lang='lat' dir='ltr'><strong>ad</strong></span> <span class='ocrx_word' id='word_1_262' title='bbox 954 3430 1097 3495; x_wconf 90' lang='lat' dir='ltr'><strong>edictum</strong></span> 
     </span>
     <span class='ocr_line' id='line_1_35' title="bbox 83 3515 1128 3603; baseline -0.011 -21"><span class='ocrx_word' id='word_1_263' title='bbox 83 3516 133 3602; x_wconf 83' lang='lat' dir='ltr'><strong>(P.</strong></span> <span class='ocrx_word' id='word_1_264' title='bbox 149 3516 237 3603; x_wconf 85' lang='grc'>295).</span> <span class='ocrx_word' id='word_1_265' title='bbox 269 3569 293 3584; x_wconf 92' lang='grc'><strong>..</strong></span> <span class='ocrx_word' id='word_1_266' title='bbox 307 3524 438 3602; x_wconf 87' lang='lat' dir='ltr'><strong>praetor</strong></span> <span class='ocrx_word' id='word_1_267' title='bbox 457 3520 503 3586; x_wconf 88' lang='lat' dir='ltr'><strong>ait</strong></span> <span class='ocrx_word' id='word_1_268' title='bbox 521 3518 568 3586; x_wconf 74' lang='lat' dir='ltr'><strong>‘in</strong></span> <span class='ocrx_word' id='word_1_269' title='bbox 586 3520 703 3587; x_wconf 87' lang='lat' dir='ltr'><strong>eadem</strong></span> <span class='ocrx_word' id='word_1_270' title='bbox 720 3541 824 3585; x_wconf 77' lang='lat' dir='ltr'><strong>causa</strong></span> <span class='ocrx_word' id='word_1_271' title='bbox 839 3519 910 3582; x_wconf 77' lang='lat'><strong>..3.</strong></span> <span class='ocrx_word' id='word_1_272' title='bbox 927 3517 993 3577; x_wconf 61' lang='lat' dir='ltr'><strong>”m</strong></span> <span class='ocrx_word' id='word_1_273' title='bbox 1001 3515 1128 3572; x_wconf 59' lang='lat' dir='ltr'><strong>esem</strong></span> 
     </span>
    </p>
   </div>
   <div class='ocr_carea' id='block_1_9' title="bbox 1189 3592 1203 3695">
    <p class='ocr_par' dir='ltr' id='par_1_11' title="bbox 1189 3592 1203 3695">
     <span class='ocr_line' id='line_1_36' title="bbox 1189 3592 1203 3695; baseline 0 0"><span class='ocrx_word' id='word_1_274' title='bbox 1189 3592 1203 3695; x_wconf 83' lang='lat' dir='ltr'><strong>l</strong></span> 
     </span>
    </p>
   </div>
   <div class='ocr_carea' id='block_1_10' title="bbox 0 0 1216 3840">
    <p class='ocr_par' dir='ltr' id='par_1_12' title="bbox 0 0 1216 3840">
     <span class='ocr_line' id='line_1_37' title="bbox 0 0 1216 3840; baseline 0 2"><span class='ocrx_word' id='word_1_275' title='bbox 0 0 1216 3840; x_wconf 95' lang='lat' dir='ltr'><strong> </strong></span> 
     </span>
    </p>
   </div>
  </div>
 </body>
</html>
