2422 3840
97 187 161 250 278
198 186 257 242 Vll.
279 185 413 242 OCTAVI
432 186 530 242 SAEC.
544 186 641 242 IURIS
657 185 827 242 consulu.
842 185 919 243 BER.
934 186 1103 243 SECUNDA
1143 258 1145 269 Ι

96 350 181 414 dotis
204 348 348 415 nomine'
376 353 408 413 et
431 349 566 432 reliqua,
595 349 669 432 ‘pro
694 372 732 414 ea
755 350 991 434 quinquaginta
1014 351 1103 416 heres

97 436 199 503 dato'.
245 438 352 503 deberi
381 439 410 503 ei
438 439 580 522 legatum
604 437 718 504 Ofilius
742 435 935 521 Cascellius,
967 440 1048 504 item
1074 444 1105 504 at

97 525 200 591 Servii
233 527 394 591 auditores
423 527 632 592 rettulerunt:
664 527 795 611 perinde
822 528 1007 593 habendum
1038 550 1104 593 asse

97 637 134 679 ao
157 617 185 679 si
207 637 318 681 servus
342 614 439 680 alicui
463 620 608 680 mortuus
633 619 689 680 aut
712 638 770 698 pro
790 637 828 680 eo
848 623 978 681 centum
997 617 1104 702 legata

95 710 212 769 essent·
342 800 385 854 De
403 801 491 871 lepoto
509 815 538 854 eo
556 800 628 869 quod
645 815 720 855 servo
739 800 860 856 debetur.

184 910 214 973 4.
237 908 276 972 D.
291 908 343 991 35,
360 894 454 992 1,'40,
468 909 499 974 3.
534 907 624 973 Idem
638 907 673 992 (J
676 905 846 991 avolenus)
866 887 950 972 libro
965 889 1104 973 secundo

96 1020 135 1062 ex
162 997 393 1080 posterioribus
423 997 584 1061 Labeonis
611 993 660 1083 (P.
686 994 773 1084 186).
822 995 984 1078 Dominus
1015 1018 1104 1062 servo

35 1120 39 1129 ·
97 1092 159 1159 HS
164 1085 207 1160 17¹
230 1091 431 1178 <rationis>¹
455 1095 522 1160 aius
544 1096 722 1180 legaverat:
750 1091 854 1158 ‘heres
877 1115 968 1158 meus
994 1091 1103 1159 Sticho

95 1205 186 1248 servo
211 1204 295 1263 meo,
323 1204 418 1267 quem
441 1186 637 1249 testamento
660 1203 733 1247 meo
758 1183 897 1247 liberum
921 1203 993 1246 esse
1018 1183 1104 1265 inssi,

95 1270 206 1346 ΗΒῙΤι
220 1280 347 1365 quaein
361 1281 482 1345 tabulis
498 1280 607 1360 debeo,
625 1278 723 1345 dato'.
756 1278 838 1344 nihil
852 1300 945 1344 servo
959 1279 1104 1363 legatum

67 1376 70 1384 '
96 1390 164 1433 esse
179 1367 325 1433 Namusa
339 1367 485 1433 Servium
499 1367 703 1453 respondisse
718 1367 841 1450 scribit,
864 1368 941 1452 quia
956 1367 1104 1433 dominus

95 1479 187 1522 servo
209 1457 291 1521 nihil
314 1457 429 1521 debere
451 1459 619 1541 potuisset

385 1676 434 1734 Bb
455 1677 546 1750 plana
572 1677 689 1735 lacertis
717 1676 808 1734 libris.

397 1792 441 1846 De
459 1809 533 1861 aqua
548 1793 647 1861 plaudo
664 1792 792 1846 arcendo.

183 1901 211 1965 5.
244 1899 284 1965 D.
307 1901 358 1983 39,
374 1902 404 1983 3,
420 1902 448 1982 1,
463 1901 492 1965 6.
538 1900 697 1984 Ulpianus
725 1901 809 1964 libro
832 1900 1101 1984 quinquagesimo

94 1990 189 2054 tertio
222 1991 263 2054 ad
290 1990 429 2055 edictum
449 1985 498 2075 (P.
521 1989 630 2074 1285).
679 1988 775 2072 Apud
803 1986 906 2053 Servii
939 1986 1102 2051 auditores

95 2077 233 2142 relatum
261 2082 325 2162 est,
354 2079 383 2143 si
412 2081 483 2163 quis
508 2079 621 2143 salicta
643 2077 787 2161 posuerit
808 2079 841 2140 et
864 2076 906 2140 ob
928 2074 993 2140 boc
1019 2097 1101 2158 aqua

94 2171 311 2252 restagnaret,
340 2188 441 2253 aquae
463 2167 593 2249 pluviae
617 2166 772 2232 arcendae
796 2165 849 2248 agi
871 2185 983 2248 posse,
1013 2164 1041 2228 si
1065 2186 1102 2228 ea

93 2278 177 2341 aqua
200 2256 305 2320 vicino
329 2259 466 2320 noceret.
581 2257 585 2262 ’

183 2345 212 2409 6.
227 2343 266 2407 D.
278 2345 330 2426 39,
345 2345 374 2422 3,
388 2345 419 2424 2,
434 2344 463 2408 6.
498 2343 617 2408 Paulus
631 2343 714 2407 libro
729 2340 999 2426 quadragensimo
1015 2362 1101 2406 nono

94 2433 134 2495 ad
158 2432 297 2497 edictum
316 2428 366 2518 (P.
379 2433 468 2517 632).
510 2431 606 2517 Apud
629 2429 808 2496 Namusam
830 2428 969 2494 relatum
993 2433 1053 2515 est,
1076 2428 1102 2492 si

94 2542 178 2603 aqua
213 2521 314 2586 fluens
350 2522 413 2585 iter
450 2543 543 2586 suum
578 2524 718 2584 stercore
755 2518 954 2584 obstruxerit
996 2520 1029 2582 et
1065 2538 1103 2581 ex

95 2610 335 2694 restagnatione
368 2609 525 2693 superiori
557 2629 635 2693 agro
667 2614 796 2687 noceat,
827 2627 921 2690 posse
954 2628 1028 2671 cum
1056 2607 1102 2670 in·

94 2696 211 2761 feriore
245 2698 311 2782 agi,
342 2702 379 2762 ut
411 2698 499 2763 sinat
535 2697 681 2782 purgari;
712 2696 795 2760 hanc
827 2695 911 2760 enim
939 2695 1101 2760 actionem

95 2806 162 2849 non
198 2788 326 2850 tantum
363 2786 401 2851 de
435 2786 586 2870 operibus
619 2806 688 2849 esse
721 2785 835 2849 utilem
866 2805 965 2847 mann
997 2783 1101 2865 factis,

96 2896 206 2939 verum
230 2875 326 2939 etiam
350 2876 384 2940 in
407 2875 577 2957 omnibus„
600 2896 681 2958 quae
703 2895 769 2938 non
793 2872 966 2937 secundnm
989 2873 1102 2938 uolun-

94 2966 196 3028 tatem
220 2964 388 3047 (mutata>
411 2964 484 3028 sint.

445 3159 447 3164 ·
499 3121 542 3175 De
560 3121 690 3175 societate.

17 3304 20 3311 .
184 3231 212 3293 r.
240 3229 541 3313 o.1r,2,52‚1s.
585 3227 673 3292 iam
703 3222 892 3312 (Ulpianus)
925 3226 1012 3291 uero
1046 3227 1100 3290 aa

95 3320 229 3402 gensino
253 3320 358 3402 primo
383 3318 422 3382 ad
446 3319 585 3383 edietum
604 3312 653 3403 (P.
668 3312 779 3401 922‘1).
822 3314 955 3399 ..apud
976 3320 1100 3380 veteres

167 3490 180 3536 1
203 3485 276 3538 Trio.
296 3499 393 3537 aureos
413 3482 541 3551 quinque.

159 3562 177 3608 2
195 3555 308 3611 addidit
327 3555 489 3610 Mommmu.
