2422 3840
367 177 391 226 ὁ.
416 172 445 227 C.
461 170 663 226 TREBATIUS
681 170 798 226 TESTA
1021 168 1086 234 383

78 341 307 418 respondentem
331 339 416 417 facit,
440 339 520 416 apud
544 338 751 417 Octavianum,
775 339 800 398 si
821 338 1000 399 Triboniano
1024 357 1086 398 cre·

78 432 192 503 dimus,
224 429 370 487 maximae
403 428 593 488 auctoritatis
626 431 706 505 erat,
737 430 875 487 mortuus
908 430 987 486 certe
1019 431 1088 502 post

79 540 104 579 a.
126 520 262 597 736s18,
284 519 412 577 fortasse
435 517 531 576 multo
553 519 635 594 post:
658 535 728 575 nam
751 518 777 576 si
798 516 833 575 L.
851 515 1011 591 Lentulus,
1035 516 1087 592 qui

78 628 122 684 pr.
141 608 215 668 Inst.
236 609 268 684 2,
284 608 324 666 25
352 605 537 681 nominatur,
570 605 674 665 consul
701 606 771 664 anni
801 599 902 684 751s3
931 604 1087 664 habendus

79 701 137 774 est,
165 695 324 755 Trebatius
350 695 400 754 vel
425 695 509 753 ultra
535 694 592 754 hoc
618 697 737 770 tempus
760 694 845 755 vixit.
890 693 927 753 cf.
950 693 1087 752 Pernice:

77 784 178 845 Labeo
197 785 290 860 1,21.

63 944 65 946 q
169 874 237 932 Non
272 873 360 933 modo
397 871 595 947 respondendi
630 890 753 931 munere
784 872 906 931 functus
939 874 999 948 cst,
1036 870 1088 930 sed

79 963 171 1022 etiam
194 955 386 1037 ‘complures'
414 960 508 1020 libros
535 960 663 1037 scripsit.
712 960 908 1038 Pomponius,
937 961 988 1036 qui
1013 960 1087 1018 haec

79 1050 159 1127 §45
187 1051 295 1127 tradit,
323 1050 498 1109 Trebatium
530 1068 598 1108 cum
628 1049 707 1109 Aulo
735 1047 879 1108 Cascellio
912 1067 1088 1124 comparans

79 1140 240 1201 concludit:
271 1132 447 1198 ‘Trebatius
478 1138 604 1215 peritior
630 1137 787 1214 Cascellio,
819 1136 982 1197 Cascellius
1015 1137 1086 1196 Tre·

79 1230 161 1288 batio
184 1229 372 1304 eloquentior
394 1229 486 1286 fuisse
509 1219 640 1287 dicitur'.
798 1216 801 1222 ’
1181 1298 1185 1304 ¹

168 1317 251 1377 Inter
273 1317 426 1377 auditores
449 1315 570 1392 habuit,
592 1318 629 1375 ut
650 1314 782 1391 videtur,
805 1315 961 1387 Blaesum,
988 1315 1087 1374 virum

80 1411 212 1466 ceterum
230 1406 315 1466 nobis
329 1407 476 1483 ignotum,
494 1405 630 1482 inprimis
645 1423 715 1464 vero
729 1402 900 1464 Antistium
909 1402 1087 1479 Labeonem,

79 1497 178 1555 virum
214 1495 453 1569 celeberrimum,
494 1494 547 1570 qui
583 1487 757 1553 ‘institutus
794 1496 840 1552 est
875 1512 894 1552 a
930 1483 1088 1552 Trebatio'

79 1584 261 1660 Pomponius
281 1581 367 1658 547.
405 1585 510 1659 postea
527 1581 628 1642 Labeo
650 1583 699 1642 rel
722 1582 791 1642 vivo
810 1581 951 1641 Trebatio
975 1583 1006 1640 et
1023 1581 1087 1656 ipse

79 1691 222 1749 responsa
249 1671 332 1732 dedit
359 1673 390 1731 et
416 1690 632 1747 nonnunquam
659 1670 737 1730 alter
762 1674 868 1730 contra
890 1671 1019 1729 alterum
1041 1688 1088 1728 re·

80 1762 208 1837 spondit,
255 1759 330 1821 Cell.
349 1763 380 1836 4,
398 1762 428 1836 2,
449 1763 481 1820 9:
509 1754 701 1819 ‘Trebatium
725 1764 830 1818 contra
850 1758 1020 1818 Labeonem
1042 1777 1088 1816 re·
1139 1787 1143 1796 ·

81 1850 233 1927 spondisse
257 1843 380 1908 dicunt'.
984 1851 986 1855 ’

171 2027 215 2084 De
239 2025 372 2085 Trebatii
394 2026 494 2085 indole
517 2029 548 2084 et
570 2025 689 2103 ingenio
712 2025 830 2085 Puchta
850 2023 983 2084 InstitI
1006 2021 1026 2099 ξ
1047 2026 1087 2084 97

82 2114 181 2190 inique
213 2113 328 2174 iudicat
364 2107 453 2192 („den
485 2113 640 2173 Eindrnclr
670 2113 915 2192 mittelmtssiger
946 2112 1090 2190 geistiger
1151 2151 1156 2159 ι

82 2201 186 2261 Krafte
214 2203 394 2281 empfangen
420 2204 477 2263 wir
504 2248 533 2263 ..
561 2203 653 2262 durch
680 2204 733 2262 das
762 2203 843 2279 Bild,
870 2201 997 2262 welches
1025 2201 1089 2260 sich

83 2310 138 2350 aus
171 2290 289 2351 Ciceros
320 2292 441 2352 Briefen
477 2312 516 2352 an
549 2292 602 2350 ibn
633 2288 812 2371 darstellt“).
865 2290 1001 2368 Pernice,
1038 2290 1090 2365 qui

83 2375 197 2456 (Labeo
211 2381 235 2458 I,
248 2375 370 2462 18sqq.)
385 2386 491 2442 contra
502 2381 586 2454 dixit,
600 2379 697 2441 addit:
712 2381 771 2459 „Es
785 2379 1020 2455 istbedenlrlich,
1035 2396 1090 2438 aue

82 2469 139 2528 den
154 2470 363 2548 abgarissenen
375 2471 605 2547 Bemerlumgen
618 2471 670 2529 des
683 2469 874 2546 Pomponius,
888 2468 944 2527 mit
957 2468 1091 2528 walchen

83 2578 115 2618 er
138 2559 185 2618 die
206 2559 356 2618 einzelnen
373 2560 510 2619 Juristen
528 2558 763 2635 charakterisirt,
787 2561 880 2617 etwas
899 2556 1034 2616 Sicheres
1052 2576 1090 2615 zu

83 2648 253 2708 schliessen.
298 2648 440 2707 Indessen
466 2648 579 2706 lrbnnte
606 2648 662 2707 mit
684 2648 742 2706 den
764 2646 903 2706 Worten:
931 2645 1089 2705 Trebatius

81 2737 208 2813 peritior
227 2735 371 2797 Cascellio
393 2736 504 2811 gerade
526 2736 645 2796 auidis
663 2736 843 2813 nmsichtige
861 2734 1091 2811 Beherrschung

83 2825 135 2884 des
159 2826 372 2885 Rechtsstoffes
394 2826 457 2885 und
480 2826 537 2885 den
558 2825 752 2903 pralrtischen
774 2825 860 2883 Bliclr
883 2823 934 2882 des
957 2828 1090 2882 ersteren

82 2915 278 2992 hingedeutet
301 2911 391 2975 sein.“

173 3003 316 3063 Veterum
343 3003 379 3062 de
406 3003 497 3062 furtis
525 3002 741 3063 controversias
765 3001 906 3060 Trebatio
931 2999 981 3058 vix
1004 3001 1090 3057 notas
1176 3059 1178 3064 ,

83 3092 176 3151 fuisse
209 3091 358 3151 Ciceronis
391 3092 522 3167 epistula
550 3091 606 3151 illa
639 3085 691 3172 (ad
723 3091 792 3148 fam.
813 3092 841 3166 7,
861 3080 918 3170 22)
952 3087 1090 3146 ostendit.

84 3182 211 3258 accedit,
242 3181 322 3258 quod
349 3184 379 3240 et
406 3181 480 3240 iuris
508 3182 654 3240 rationem
680 3196 894 3254 nonnunquam
921 3176 1091 3252 dereliquit.

84 3290 153 3329 nam
185 3289 304 3348 agrum,
336 3270 420 3329 cuins
453 3270 662 3341 commercium
688 3286 749 3326 non
775 3265 881 3342 habes,
912 3264 1007 3341 legari
1034 3264 1091 3322 tibi

84 3377 171 3435 posse
200 3353 250 3440 (D.
270 3361 326 3434 31,
345 3350 451 3439 49‚2)
484 3361 515 3417 et
547 3359 637 3417 etiam
665 3355 829 3416 secundum
856 3354 920 3414 eins
948 3353 1091 3431 mulieris,

84 3467 161 3521 quae
189 3466 220 3506 se
248 3448 345 3524 capite
374 3467 434 3506 non
460 3446 651 3524 deminuerit,
678 3445 799 3504 tabulas
822 3445 923 3502 datam
946 3443 1092 3502 bonorum

83 3536 300 3613 possessionem
332 3556 368 3595 er
400 3536 496 3596 edicto
527 3536 628 3596 datam
653 3533 753 3596 uideri
775 3531 943 3608 impondat
962 3528 1051 3603 Qasr.
1068 3526 1118 3576 au
