2422 3840
271 152 297 202 ι.
321 108 507 213 cunctus
526 146 555 200 e.
570 145 601 201 r.
617 147 646 201 r.
660 144 694 200 u.
710 144 900 200 scsuvonn
1048 145 1090 210 87

77 311 199 396 possit3
231 332 308 375 nam
341 331 380 375 ea
410 331 462 374 res
494 331 532 376 eo
562 309 716 393 pertinet,
748 310 796 374 uti
823 313 947 374 tutores
975 309 1088 392 sciant,

78 421 163 487 quae
181 399 297 465 volunt
283 403 333 464 tas
351 399 518 464 testatoris
537 397 610 481 tuit,
629 400 676 462 uti
693 398 821 500 possint
834 419 905 462 eam
919 399 1089 483 pecuniam

79 490 150 554 sine
172 488 317 573 periculo
340 488 426 551 dare.
467 450 678 554 Poueodms.
715 488 749 550 in
772 487 975 552 testamentis
995 509 1090 572 quae·

79 576 155 642 dam
178 577 377 661 scribuntur,
404 598 486 660 quae
510 576 551 641 ad
575 576 748 641 auctoritat
750 596 799 640 em
822 576 913 640 dumt
899 579 990 640 taxat
1014 577 1091 641 scri-

81 666 189 730 bentis
213 667 396 730 referuntur
413 685 473 731 nec
492 665 725 751 obligationem
744 664 873 748 pariant
892 712 1011 730 ......
1030 664 1091 729 ita·

79 775 142 840 que
161 753 241 818 haec
261 753 372 830 Quinti
389 751 490 818 Mucii
509 756 682 837 scriptura.
701 753 808 816 liberi
828 775 890 816 me]
882 752 966 818 ubi
985 757 1090 838 sunto,

78 843 135 907 ubi
166 864 222 907 eos
251 846 319 906 mat
320 864 355 907 er
381 863 439 907 sna
466 863 535 907 esse
562 842 661 908 volet’
663 893 669 921 ,
702 843 825 906 nullam
854 842 1089 927 obligationem

77 930 180 1016 parit,
208 930 264 996 sed
292 931 332 996 ad
360 932 587 996 auctoritatem
615 931 757 995 defuncti
780 931 1034 995 conservandam
1058 931 1090 995 id

77 1019 267 1105 pertinebit,
289 1023 325 1084 ut
348 1020 403 1084 ubi
426 1020 556 1084 iusserit
574 1019 621 1084 ibi
640 1019 714 1084 sint.
755 1041 813 1083 nec
833 1022 942 1083 tamen
962 1042 1089 1102 semper

77 1110 232 1188 voluntas
259 1109 328 1173 eius
356 1112 413 1174 aut
438 1109 562 1172 iussum
590 1109 772 1172 conservari
800 1108 908 1186 debet,
937 1108 1037 1172 veluti
1063 1110 1091 1172 si

76 1200 212 1281 praetor
239 1197 352 1263 doctus
380 1197 423 1261 sit
449 1219 516 1261 non
544 1197 691 1282 expedire
717 1197 875 1280 pupillum
899 1218 936 1260 eo
962 1198 1090 1278 morari,

76 1287 137 1350 ubi
159 1288 253 1370 pater
275 1286 405 1350 iusserit
426 1286 481 1350 rel.

169 1378 258 1440 Hunc
285 1380 384 1439 locum
405 1380 534 1456 pessime
559 1398 577 1437 a
599 1379 780 1439 Triboniano
804 1379 1002 1440 constitutum
1026 1397 1090 1441 esse

77 1471 220 1546 apparet:
250 1487 321 1527 narn
352 1487 399 1527 res
432 1467 565 1528 diversas
596 1468 628 1525 in
657 1487 751 1527 unum
778 1469 971 1529 commiscuit.
1021 1488 1091 1529 cum

76 1559 310 1636 testamentum,
342 1575 360 1617 a
392 1575 452 1632 quo
485 1557 581 1617 oratio
613 1557 733 1635 incipit,
766 1557 870 1617 matris
902 1559 1090 1621 voluntatem

77 1649 216 1722 spectare
242 1646 359 1722 iubeat,
391 1647 417 1704 si
445 1648 620 1721 quaeratur,
647 1645 702 1704 ubi
728 1645 883 1706 testatoris
910 1647 997 1706 liberi
1026 1665 1090 1707 esse

76 1735 221 1812 debeant,
253 1737 359 1811 postea
390 1734 426 1793 de
458 1735 554 1809 patris
586 1738 705 1793 tantum
737 1735 894 1795 voluntate
925 1736 1090 1798 disseritur.

75 1823 195 1884 accedit
218 1822 298 1902 quod
320 1843 388 1883 cum
411 1824 626 1883 testamentum
649 1823 685 1880 de
705 1822 822 1882 heredis
840 1826 959 1882 tanturn
978 1825 1091 1901 obliga-

75 1913 161 1972 tione
190 1911 284 1986 dicat,
311 1931 346 1972 ex
368 1912 530 1988 improviso
553 1915 669 1969 tutores
693 1911 939 1988 introducuntur,
966 1913 1018 1989 qui
1040 1933 1091 1988 pe·

74 2002 200 2060 cuniam
222 1999 293 2059 dare
316 2000 414 2060 nolint
437 2000 465 2059 ei
488 2000 567 2076 apud
590 2019 679 2075 quem
701 1999 790 2057 liberi
812 1999 879 2060 sint.

167 2089 274 2166 Neque
306 2107 383 2166 quae
415 2088 614 2149 Tritonianus
644 2086 808 2164 Pomponio
841 2087 962 2165 tribuit,
994 2107 1090 2165 neque

74 2197 155 2255 quae
180 2177 326 2248 Quintum
347 2177 480 2238 Mucium
503 2177 612 2236 dixisse
635 2176 741 2253 tradit,
766 2175 855 2234 fidem
877 2176 1002 2235 habent:
1030 2177 1089 2253 ipsi
1123 2242 1127 2250 ¹

73 2268 178 2327 Mucio
206 2266 262 2326 sub
285 2265 440 2345 Pomponii
467 2264 585 2325 nomine
609 2265 826 2325 Tribonianum
848 2265 995 2340 quaedam
1019 2266 1088 2325 sub-

74 2357 185 2416 iecisse
204 2359 286 2432 puto
323 2354 354 2414 id
372 2355 464 2414 verba
483 2348 617 2415 docent
620 2372 690 2413 nam
708 2373 744 2413 ea
761 2373 809 2414 res
829 2372 863 2414 eo
883 2355 1023 2432 pertinet,
1041 2355 1090 2415 uti

74 2450 197 2506 tutores
224 2445 322 2504 sciant
348 2462 424 2521 quae
452 2444 559 2503 volunt
546 2448 592 2502 tas
619 2444 774 2503 testatoris
802 2441 924 2519 fuit,u
902 2447 950 2501 1
972 2444 1089 2519 possint

75 2554 144 2594 eam
164 2533 323 2609 pecuniam
341 2532 403 2590 sine
421 2532 560 2607 periculo
575 2525 667 2593 darc’.
700 2533 736 2591 cf
756 2550 847 2606 supra
865 2553 893 2608 p
911 2534 960 2592 68.
996 2533 1088 2593 etiam

75 2621 276 2683 testamenti
268 2623 361 2697 1psius
375 2622 467 2680 verba
482 2640 500 2680 a
514 2620 695 2680 Triboniano
711 2623 829 2680 mutata
843 2624 914 2680 sunt
915 2668 921 2682 .
901 2621 1088 2680 tMucium

75 2731 138 2772 non
152 2728 260 2770 aureos
273 2710 442 2768 nominasse
455 2709 648 2770 manifestum
658 2712 716 2786 est3
731 2728 828 2785 neque
842 2712 970 2769 testator
986 2711 1088 2770 iubere

75 2800 194 2876 potuit,
225 2800 298 2874 ipsis
329 2798 399 2857 filiis
430 2797 610 2875 filiabusque
643 2798 746 2857 cibarii
777 2798 896 2858 nomine
928 2801 1087 2875 pecuniam

76 2889 156 2966 dari,
185 2887 266 2963 quod
290 2887 395 2948 verba:
423 2881 537 2964 ‘eisque
560 2887 646 2946 heres
669 2886 792 2946 damnas
816 2890 880 2946 esto
905 2881 988 2946 dare'
1010 2907 1089 2947 nunc

76 2977 208 3052 faciunt,
236 2975 375 3051 denique,
404 2975 429 3035 si
451 2977 508 3035 hoc
530 2976 680 3050 iussisset,
708 2975 806 3034 dicere
828 2996 888 3035 non
910 2978 1011 3051 potuit
1035 2973 1089 3036 ‘eis

77 3069 150 3126 dare
176 3111 204 3125 ..
228 3065 264 3122 in
286 3082 420 3141 pueros
442 3065 656 3140 puellasque
680 3058 869 3142 singulas'.

168 3154 296 3231 Mucius,
318 3153 350 3212 ni
367 3153 466 3228 fallor,
489 3172 548 3211 non
566 3154 597 3210 id
617 3154 714 3210 dicere
733 3154 838 3229 voluit,
857 3156 985 3211 matrem
1002 3153 1088 3211 tami·

77 3245 135 3304 lias
162 3242 266 3302 liberis
294 3242 378 3301 aliud
404 3242 586 3300 domicilium
610 3242 761 3314 assignare
785 3261 871 3317 posse
895 3259 985 3317 quam
1009 3243 1089 3317 quod

79 3334 147 3409 ipsa
164 3332 284 3408 habeat,
304 3331 355 3390 sed
369 3332 424 3389 hoc
438 3333 566 3403 tautum,
585 3329 805 3388 matrifamilias
819 3330 975 3388 decernere
990 3330 1089 3406 licere,

78 3421 131 3479 ubi
151 3438 229 3490 cum
246 3419 342 3478 filiis
361 3419 461 3484 vivere
480 3419 562 3478 velit.
598 3419 700 3494 itaque
719 3418 799 3492 quod
818 3418 855 3476 ad
873 3421 1088 3478 testamentum

79 3510 203 3586 attinet,
230 3508 322 3568 Mucii
348 3509 432 3567 nulla
459 3509 519 3568 alia
547 3508 638 3568 verba
666 3506 807 3566 ridentur
834 3525 901 3567 esse
923 3506 1106 3566 nisiuaecx
