2422 3840
76 115 143 179 200
178 114 226 171 Vl.
247 113 380 170 comm
397 113 496 171 SAEO.
515 112 612 168 lmus
632 110 807 170 consum.
823 110 950 169 sauma
967 110 1088 167 cumn
1149 101 1151 106 ¹

168 277 253 342 106?
272 276 311 342 D.
327 278 379 360 19,
395 277 489 360 1,27.
519 275 641 341 Paulus
658 277 742 342 libro
758 277 855 342 tertio
872 276 1088 362 epitomemm

77 365 187 431 Alfeni
205 362 255 453 (P.
269 365 337 450 53).
372 364 548 450 [Quidquid
572 365 720 430 venditor
741 385 945 430 accessurum
963 364 1090 443 dixerit,
1174 368 1180 377 '

77 454 110 518 id
137 455 298 540 integrum
322 476 359 518 ac
382 476 496 518 sanum
518 453 603 518 tradi
626 456 768 538 oportet:
795 454 911 535 veluti]
936 452 966 519 si
986 453 1089 519 fundo
1176 462 1179 468 '

78 544 173 696 {epist
187 565 356 609 accessura
377 543 520 626 dixisset,
542 564 609 607 non
632 564 759 628 quassa,
783 543 841 608 sed
862 542 992 628 integra
1013 542 1089 607 dare

99 655 116 696 e
141 655 182 698 e.

166 725 268 785 Verba
289 725 372 786 uncis
395 725 512 784 inclusa
535 724 709 785 Triboniani
732 742 795 785 esse
818 724 926 785 iudico.
970 723 1091 802 relique
1204 757 1211 762 -

79 815 182 875 Alfeni
203 815 296 875 verbe
318 816 437 874 mutata
459 817 536 874 sunt.

436 965 480 1020 De
497 965 591 1019 insula
607 966 728 1021 vendita.

170 1065 243 1131 107.
275 1065 314 1131 D.
336 1066 390 1146 18,
410 1066 439 1149 6,
460 1066 510 1130 12.
551 1063 687 1130 Alfenus
710 1063 818 1130 Varus
840 1065 925 1131 libro
949 1070 1092 1131 secundo

80 1155 290 1239 Digestorum
310 1150 359 1240 (P.
376 1155 441 1240 12).
479 1152 513 1218 Si
532 1154 664 1218 vendita
683 1154 789 1218 insula
808 1154 978 1219 combusta
996 1158 1093 1231 esset,

81 1265 152 1308 eum
168 1243 349 1307 incendium
365 1244 433 1308 sine
448 1242 562 1394 culpa·
555 1242 625 1307 fieri
639 1263 703 1306 non
719 1242 832 1326 possit,
846 1242 923 1328 quid
933 1243 1016 1307 iuris
1027 1243 1093 1307 sit?

82 1331 248 1433 respondit
274 1333 363 1415 [quia
386 1332 455 1396 sine
478 1337 535 1414 pet
537 1332 580 1394 ris
603 1331 744 1396 familias
768 1331 863 1414 culpa
885 1330 957 1395 fieri
980 1334 1094 1416 potest

80 1442 194 1505 neque,
217 1421 245 1484 si
268 1441 436 1485 servorum
457 1420 661 1505 neglegentia
678 1419 746 1485 fact
732 1424 800 1484 tum
819 1424 912 1504 esset,
936 1420 1094 1486 continuo

82 1508 263 1574 (ιοιιιιιιιιι
254 1531 288 1573 ιιι
310 1510 406 1592 eulpa
424 1509 495 1594 erit,
518 1530 614 1611 quem
634 1508 674 1572 ob
694 1511 776 1588 rem]
801 1509 828 1573 si
851 1508 1002 1574 venditor
1021 1530 1094 1574 eam

82 1597 282 1682 diligentiam
311 1597 550 1662 adhibuisset
539 1618 575 1661 ιιι
603 1597 711 1662 insule
738 1596 961 1681 custodienda,
993 1618 1093 1682 quum

82 1686 202 1750 debent
224 1686 372 1750 homines
395 1686 482 1771 frugi
506 1689 538 1749 et
560 1685 733 1770 diligentes
756 1691 937 1769 praestare,
962 1685 991 1750 si
1016 1686 1095 1772 qnid

82 1775 264 1853 accidisset,
287 1775 371 1838 nihil
395 1775 434 1839 ad
459 1796 531 1839 eum
554 1774 734 1855 pertinebit.

172 1886 345 1946 Triboniani
367 1905 499 1956 menum¹
512 1886 674 1946 ostendunt
699 1886 784 1962 eopia
807 1886 887 1945 vocis
910 1878 961 1946 ‘si'
984 1877 1043 1968 (‘si
1065 1932 1096 1948 ..

82 1975 204 2037 vendita
233 2021 275 2054 .„
308 1976 333 2035 si
361 1994 515 2036 servorum
544 2020 570 2035 ..
600 1975 625 2033 si
652 1975 842 2035 venditor..
866 1975 892 2034 si
922 1974 1006 2052 quid¹
1021 2022 1028 2036 .
1044 1968 1098 2056 .’),

83 2066 160 2125 falsa
184 2065 352 2125 consecutio
381 2065 551 2140 temporum
579 2056 640 2143 (‘si
664 2108 694 2123 ..
717 2065 807 2140 esset,
910 2063 980 2139 erit3
1015 2065 1097 2123 ιι..

83 2154 281 2230 adhibuisset,
311 2144 577 2233 ..pertinebit'),
604 2151 696 2212 verba
720 2147 876 2211 ‘continuo
900 2151 1040 2212 dominus
1063 2152 1099 2213 in

83 2244 173 2318 culpa
200 2235 282 2319 erit',
311 2234 493 2317 ‘respondit
522 2234 616 2316 quia'.
663 2242 796 2299 ceterum
822 2240 914 2301 verba
936 2240 1025 2300 uncis
1049 2243 1097 2301 in·

85 2332 168 2390 clusa
183 2330 358 2388 Triboniani
377 2348 440 2388 esse
460 2332 490 2388 et
504 2328 646 2388 Alfenum
665 2329 706 2388 sic
724 2330 786 2388 fere
806 2329 960 2406 scripsisse
977 2328 1095 2390 iudico:

84 2414 218 2478 ‘vendita
245 2418 344 2476 insula
367 2419 524 2477 combusta
546 2421 606 2497 est,
634 2435 701 2476 cum
724 2417 895 2477 incendium
915 2417 980 2477 sine
1005 2419 1099 2497 culpa

84 2507 148 2565 fieri
167 2525 226 2565 non
245 2506 386 2582 potuerit,
419 2506 491 2583 quid
508 2506 582 2565 iuris
603 2506 651 2580 sit,
671 2506 840 2582 quaesitum
859 2508 905 2566 cst
924 2508 956 2567 et
968 2524 1096 2584 respon·

27 2644 29 2648 .
85 2595 141 2654 dit:
170 2595 195 2653 si
221 2594 359 2653 venditor
457 2595 628 2671 accidisset,
654 2594 730 2653 nihil
758 2594 796 2653 ad
823 2613 891 2654 eum
917 2591 1097 2671 pertinere'.

416 2745 459 2802 De
476 2747 623 2816 mmccipic'e
640 2747 764 2802 uenditis.

175 2847 247 2911 108.
276 2845 398 2910 Gellius
417 2848 522 2930 4,,12
508 2847 645 2911 1.2..12
685 2845 724 2909 In
748 2845 1024 2913 edictoeedilium
1044 2871 1099 2915 cn·

85 2934 213 3017 rulium,
236 2957 299 3018 qua
321 2940 413 3019 parte
437 2897 491 3000 de
499 2936 667 3018 mancipiis
686 2935 860 2999 vendendis
879 2940 1010 3001 cautum
1037 2948 1101 3023 est,

87 3024 302 3108 scriptumsrc
312 3024 527 3088 furtitulus
538 3024 730 3107 scriptorum
742 3024 944 3124 singulorum
955 2990 1101 3111 scriptud
1210 3061 1211 3092 ι

87 3113 144 3194 ιιι,
172 3113 334 3177 curatot
292 3119 369 3214 ιιι,
397 3116 434 3176 ut
459 3112 600 3195 intelligi
628 3116 713 3176 recte
741 3110 859 3196 possit,
880 3113 964 3215 ,quid
987 3117 1098 3183 morbi

86 3164 220 3286 vitiique
250 3202 362 3285 cuique
391 3201 492 3266 ιιι.
520 3200 747 3302 'propterea
776 3201 1021 3284 quaesierunt
1011 3226 1098 3271 rure·

89 3291 229 3357 consulti
257 3294 396 3371 veteres,
429 3251 514 3373 quid
533 3289 727 3372 mancipium
757 3290 944 3355 morbosum
980 3293 1099 3377 quidve

88 3380 241 3443 vitiosum
265 3384 351 3442 recte
319 3341 572 3444 tdlceretur..
592 3400 663 3443 eum
684 3399 769 3460 vero,
792 3378 941 3445 euidens
961 3380 1101 3467 deesset,

88 3466 218 3532 Servius
242 3467 403 3531 redhiberi
425 3488 521 3551 posse
545 3467 721 3552 respondit
