2422 3840
94 165 159 229 308
194 163 267 218 VIII.
284 162 416 220 OCTAVI
430 160 527 218 SAEC.
537 161 634 217 IURIS
650 160 821 217 CONSULT.
833 159 958 216 SERIES
971 161 1111 216 TERTIA

387 351 431 405 Dc
449 351 555 404 actione
573 350 610 404 od
628 349 814 403 exhibendum.

182 451 235 517 51.
260 450 300 514 Ι).
315 450 366 528 10,
379 451 412 532 4,
428 450 479 516 19.
511 448 631 515 Paulus
650 449 734 513 libro
754 451 869 532 quarto
889 449 1108 533 epitomarum

95 541 206 606 Alfeni
230 539 279 623 (P.
294 535 361 626 66).
400 537 449 602 Ad
473 538 689 603 exhibendum
713 540 852 622 possunt
876 559 972 623 egere
996 559 1109 602 omnes

95 651 233 712 quorum
267 629 412 692 interest.
466 626 522 691 sed
553 626 685 712 quidam
718 625 904 709 consuluit,
929 649 968 690 en
1003 627 1111 709 possit

95 718 222 783 efficere
244 716 324 781 haec
349 716 447 799 actio,
470 719 508 780 ut
529 715 671 780 rationes
695 714 870 780 adversarii
894 714 957 779 sibi
980 715 1108 778 exhibe

94 814 214 885 rentur,
241 827 320 889 quas
339 805 484 869 exhiberi
503 805 616 889 magni
635 805 703 867 eius
722 804 905 868 interesset.
940 804 1110 887 respondit

94 917 161 960 non
181 899 332 978 oportere
350 894 401 958 ius
422 893 515 958 civile
535 892 723 957 calumniari
744 913 848 976 neque
862 893 961 956 verba
976 894 1109 976 captari,

96 985 153 1048 sed
172 1005 236 1067 qua
256 986 364 1047 mente
379 982 456 1066 quid
470 981 636 1063 diceretur,
656 979 911 1046 animadvertere
930 982 1109 1045 convenire.

95 1094 172 1137 narn
204 1072 262 1136 illa
293 1072 421 1136 ratione
452 1071 551 1135 etiam
580 1069 760 1134 studiosum
784 1069 919 1134 alicuius
944 1070 1109 1134 doctrinae

95 1182 192 1245 posse
220 1161 324 1225 dicere
352 1181 411 1225 sua
437 1158 593 1223 interesse
622 1158 697 1222 illos
726 1161 783 1222 eut
809 1158 884 1222 illos
912 1158 1014 1223 libros
1046 1159 1109 1222 sibi

97 1249 254 1331 exhiberi,
285 1249 372 1334 quia,
406 1247 433 1311 si
467 1251 575 1312 essent
601 1246 749 1329 exhibiti,
782 1268 853 1311 curn
883 1268 936 1311 eos
964 1247 1109 1332 legisset,

96 1339 222 1403 doctior
245 1341 278 1402 et
301 1337 415 1401 melior
438 1336 564 1400 futurus
589 1339 683 1399 esset.

186 1450 223 1508 cf.
247 1448 345 1508 Servii
366 1467 510 1523 responsa
534 1450 584 1508 80.

485 1617 592 1672 Damni
609 1617 713 1685 infecti.

189 1718 241 1782 52.
265 1717 303 1783 D.
318 1717 371 1802 39,
384 1719 415 1799 2,
429 1718 472 1782 43
487 1740 535 1802 pr.
572 1717 708 1782 Alfenus
727 1715 835 1780 Varus
860 1716 944 1781 libro
969 1717 1109 1782 secundo

100 1806 308 1892 Digestorum
333 1803 383 1891 (P.
401 1803 507 1894 5pr.).
556 1806 677 1870 Domni
704 1804 815 1870 infecti
843 1805 974 1889 quidam
1003 1805 1109 1871 vicino

99 1895 337 1979 repromiserat.
372 1916 410 1959 ex
435 1895 503 1960 eius
527 1895 672 1960 aedificio
696 1894 827 1978 tegulae
850 1897 947 1959 vento
967 1893 1110 1960 deiectae

100 1984 280 2050 ceciderant
308 1984 340 2048 in
369 1985 468 2049 vicini
495 1985 623 2070 tegulas
652 2004 770 2067 easque
792 1982 967 2068 fregerant.
1013 2006 1110 2068 quoe·

101 2075 199 2138 situm
223 2077 280 2156 est,
304 2095 346 2137 an
369 2073 490 2157 aliquid
513 2074 672 2156 praestari
696 2075 832 2156 oportet.
877 2071 1060 2156 respondit,
1083 2074 1111 2136 si

99 2162 178 2227 vitio
203 2162 340 2227 aedificii
363 2165 396 2225 et
417 2162 606 2226 infirmitate
625 2161 747 2226 factum
766 2163 860 2243 esset,
884 2160 999 2224 debere
1018 2183 1109 2244 pree·

101 2252 188 2333 stari,
213 2251 269 2316 sed
292 2249 321 2315 si
343 2253 437 2314 tanta
459 2250 508 2314 vis
531 2248 620 2314 venti
642 2249 766 2334 fuisset,
788 2252 826 2315 ut
849 2248 994 2332 quemvis
1015 2249 1111 2314 firma

101 2338 246 2404 aedificia
268 2338 473 2420 convelleret,
496 2360 562 2402 non
584 2338 708 2402 debere.
753 2340 786 2402 et
809 2337 894 2422 quod
916 2338 951 2401 in
975 2338 1111 2422 stipula·

101 2429 188 2492 tione
219 2431 268 2492 est
296 2426 376 2491 ‘sive
404 2426 479 2511 quid
507 2427 554 2490 ibi
582 2425 674 2508 ruet’,
701 2448 767 2490 non
795 2426 896 2491 videri
922 2427 985 2490 sibi
1007 2449 1111 2512 ruere,

101 2516 187 2599 quod
215 2521 272 2580 aut
293 2518 389 2580 vento
414 2520 470 2578 aut
494 2515 625 2579 omnino
649 2515 756 2600 eliqua
779 2515 811 2578 vi
834 2514 1031 2579 extrinsecus
1056 2517 1112 2580 ad-

102 2609 192 2668 mota
215 2604 356 2686 caderet,
380 2603 435 2668 sed
459 2603 544 2687 qnod
568 2604 674 2688 ipsum
697 2626 755 2687 per
778 2625 812 2667 se
836 2602 1025 2668 concideret.

190 2725 227 2782 cf.
251 2723 348 2783 Servii
369 2742 512 2800 responso
531 2726 596 2784 83².

190 2811 347 2871 Praetoria
369 2812 524 2889 stipulatio
543 2813 690 2872 Hadriani
712 2816 847 2890 tempore
870 2812 943 2872 haec
966 2814 1028 2872 fere
1052 2814 1114 2874 fuit

104 2894 212 2982 (Lenel
230 2900 319 2960 Edict
341 2922 370 2978 p.
384 2895 478 2982 433):
505 2895 597 2977 ‘quod
616 2902 736 2962 aedium
759 2902 817 2961 loci
841 2902 974 2977 operisve
1000 2923 1026 2978 q.
1042 2903 1070 2961 d.
1086 2922 1113 2962 a.

103 2991 178 3051 vitio
205 2991 237 3048 in
265 2989 389 3050 oedibus
411 2991 486 3050 meis
509 2990 589 3050 intre
687 2990 828 3050 damnum
850 2992 964 3049 facturn
987 2992 1059 3068 erit,
1088 2993 1114 3051 si
1139 3044 1141 3046 ,

103 3080 178 3157 qnid
200 3079 243 3138 ibi
265 3083 334 3138 ruet
358 3079 510 3139 scindetur
533 3080 666 3139 fodietur
694 3079 915 3155 aedificabitur,
942 3081 1049 3154 quenti
1078 3099 1115 3140 ee,

101 3188 150 3228 res
179 3168 248 3245 erit,
276 3171 398 3227 tentam
425 3168 582 3244 pecuniam
611 3168 675 3228 deri
704 3168 843 3228 dolumve
869 3169 984 3226 malum
1008 3167 1113 3230 abesse

103 3257 319 3334 afuturumque
343 3276 406 3316 esse
430 3257 614 3335 spondesne?
640 3251 792 3332 spondeo?
838 3276 905 3316 cum
927 3256 1114 3337 Pomponius

104 3337 154 3425 (D.
175 3349 226 3419 46,
243 3347 271 3422 8,
288 3338 343 3427 18)
368 3347 441 3406 hoec
463 3347 567 3405 habet:
595 3340 633 3405 ‘si
656 3345 727 3421 quid
749 3345 792 3403 ibi
814 3339 903 3423 ruet',
926 3346 1006 3422 opud
1028 3346 1114 3405 Alf-

103 3452 177 3491 num
199 3434 324 3510 legitur:
348 3429 423 3496 ‘sive
448 3435 519 3512 quid
541 3435 584 3493 ibi
602 3429 691 3494 ruet'.
733 3434 909 3510 „Vielleicht
927 3435 1008 3494 hiess
1027 3454 1059 3494 es
1079 3458 1115 3495 zu

88 3519 203 3582 Alrtns
225 3523 296 3583 Zeit
327 3517 400 3587 ‘sive
425 3523 499 3603 quid
520 3523 564 3585 ibi
585 3525 656 3584 ruet
677 3517 750 3584 siuc'
773 3523 843 3602 rel,
866 3523 1116 3586 wahrscheinlich
