2422 3840
124 197 190 261 294
219 197 291 252 VIII.
306 197 443 254 OCTAVI
457 195 555 254 SAEC.
564 197 660 254 IURIS
675 198 848 254 CONSULT.
859 196 982 253 sumus
996 194 1131 250 TERTIA

38 392 41 396 ·
123 382 227 444 neque
263 361 527 446 intellegerentur
559 361 635 446 quid
666 362 899 446 significarent,
931 384 969 426 ea
1000 360 1134 444 perinde

123 470 185 514 esse
212 472 249 514 ae
277 451 304 513 si
335 452 456 534 scripta
483 473 549 515 non
577 454 685 515 essent
714 450 853 534 [reliqua
876 455 984 515 autem
1012 471 1069 534 per
1099 471 1135 514 se

123 539 196 622 ipsa
219 538 352 619 valent}

212 658 249 716 of.
273 657 368 718 Servii
390 677 533 734 responsa
558 663 585 718 7.

461 879 562 939 Libri
584 880 629 954 H,
652 880 711 954 III,
734 879 798 939 IV?

539 1005 587 1063 De
609 1005 716 1078 tepolis.

499 1119 543 1174 De
559 1121 648 1187 suario
665 1121 761 1190 Iapeto.

214 1221 243 1285 6.
271 1219 309 1285 D.
324 1221 381 1305 32,
396 1220 453 1298 60,
472 1221 502 1284 3.
547 1219 683 1284 Alfenus
710 1220 794 1286 libro
823 1220 962 1286 seeundo
983 1218 1135 1304 Digesto·

126 1331 197 1373 rum
217 1332 236 1374 a
254 1307 357 1374 Paulo
376 1308 626 1392 epitomatorum
641 1306 690 1394 (P.
705 1310 756 1388 39,
772 1307 816 1397 3).
851 1309 995 1374 Praediis
1014 1309 1133 1394 legatis

126 1402 159 1461 et
187 1419 268 1481 quae
296 1419 407 1462 eorum
434 1397 639 1482 praediorum
667 1397 875 1463 colendorum
903 1420 1000 1464 eausa
1025 1402 1136 1482 empta

126 1491 303 1569 parataque
331 1489 453 1569 essent,
480 1507 583 1571 neque
610 1486 787 1569 topiarium
814 1509 917 1571 neque
942 1487 1135 1551 saltuarium

11 1626 14 1632 .
125 1575 268 1658 legatum
287 1574 389 1638 videri
408 1574 466 1638 ait:
484 1575 661 1658 topiarium
680 1576 766 1639 enim
781 1576 927 1659 ornandi,
941 1575 1134 1640 saltuarium

127 1667 234 1727 autem
253 1662 364 1727 tuendi
383 1666 416 1727 et
435 1663 635 1727 custodiendi
653 1662 745 1728 fundi
762 1665 867 1749 magis
888 1686 984 1749 quam
1009 1664 1135 1728 colendi

125 1757 275 1835 paratum
309 1773 392 1816 esse:
424 1751 550 1816 asinum
582 1752 816 1817 machinarium
846 1753 990 1839 legatum
1018 1753 1135 1817 videri:

126 1841 203 1904 item
236 1862 312 1906 oves
346 1863 428 1925 quae
457 1841 656 1905 stercorandi
682 1841 773 1905 fundi
803 1863 900 1906 eausa
928 1845 1134 1925 pararentur:

125 1929 204 1993 item
228 1929 418 2014 opilionem,
442 1931 469 1994 si
494 1930 562 1994 eius
586 1930 713 2012 generis
738 1951 814 1995 oves
838 1935 972 1995 curaret.

215 2051 250 2110 of.
274 2050 371 2109 Servii
393 2068 537 2126 responsa
561 2051 612 2110 17.

216 2170 246 2233 7.
273 2168 312 2234 D.
331 2171 387 2253 33,
407 2170 440 2252 7,
460 2169 515 2253 16,
533 2170 563 2235 2.
605 2167 741 2233 Alfenus
765 2169 849 2234 libro
874 2169 1012 2234 secundo
1038 2168 1136 2253 Dige-

128 2261 251 2322 storum
285 2281 305 2323 a
341 2257 434 2323 Pauli
467 2258 716 2343 epitomatorum
752 2256 803 2342 (P.
821 2259 877 2340 44,
896 2255 942 2343 2).
998 2257 1136 2334 Quidam

127 2349 220 2411 uxori
248 2346 396 2430 fundum,
424 2347 471 2409 uti
498 2347 674 2409 instructus
698 2353 784 2410 esset
806 2348 841 2410 in
864 2369 927 2431 quo
951 2347 1022 2430 ipse
1045 2347 1137 2410 habi-

127 2436 232 2512 tabat,
262 2435 392 2520 legavit.
444 2435 609 2499 consultus
639 2433 679 2498 de
708 2434 897 2500 mulieribus
926 2435 1063 2499 lanificis
1092 2457 1135 2499 an

127 2524 345 2589 instrumento
370 2525 620 2606 continerentur,
643 2524 811 2606 respondit
833 2546 898 2590 non
917 2524 1046 2608 quidem
1066 2546 1136 2588 esse

127 2612 335 2675 instrumenti
362 2611 484 2701 fundi,
500 2611 554 2676 sed
588 2611 739 2696 quoniam
767 2613 837 2696 ipse
863 2615 957 2698 pater
984 2612 1135 2697 familias,

128 2701 182 2784 qui
215 2699 371 2786 legasset,
403 2701 437 2764 in
469 2723 507 2766 eo
539 2699 638 2765 fundo
671 2699 868 2783 habitasset,
901 2701 1040 2767 dubitari
1068 2723 1135 2766 non

128 2792 288 2872 oportere,
313 2790 389 2874 quin
412 2793 445 2854 et
468 2788 603 2853 ansillae
628 2793 660 2854 et
681 2793 804 2854 ceterae
823 2811 883 2874 res,
907 2790 1024 2872 quibus
1042 2794 1137 2874 pater

25 2961 27 2965 ¹
127 2877 269 2940 familias
297 2877 331 2941 in
359 2900 397 2942 eo
420 2877 519 2942 fundo
548 2880 633 2942 esset
655 2878 845 2958 instructus,
872 2900 981 2944 omnes
1005 2879 1135 2963 legatae

127 2966 319 3030 viderentur.

217 3079 253 3137 ef.
277 3078 373 3138 Servii
395 3097 539 3156 responsa
563 3080 613 3138 20.

217 3199 254 3283 8.
279 3196 318 3263 D.
337 3199 391 3282 33,
411 3200 439 3279 7,
459 3199 510 3281 12,
528 3198 558 3262 2.
607 3194 769 3280 Ulpianus
801 3196 885 3261 libro
913 3196 1065 3262 vicesimo
1095 3198 1136 3261 ad

130 3283 284 3350 Sabinum
305 3284 352 3372 (P.
367 3285 478 3373 2609).
518 3285 655 3350 Alfenus
677 3335 715 3368 ..,
739 3285 767 3349 si
790 3286 946 3368 quosdam
970 3307 1008 3349 ex
1031 3285 1135 3351 homi-

129 3376 223 3439 nibus
243 3376 316 3439 aliis
334 3376 500 3460 legaverit,
518 3377 651 3456 eeteros,
671 3374 725 3458 qui
744 3374 779 3437 in
797 3373 895 3438 fundo
912 3374 1051 3457 fuerunt,
1070 3396 1137 3440 non

130 3463 286 3527 contineri
313 3464 527 3528 instrumento
555 3463 613 3545 ait,
641 3464 717 3546 quia
739 3462 820 3527 nihil
844 3463 993 3527 animalis
1017 3463 1137 3528 instru-

109 3550 224 3612 menti
241 3572 316 3617 esse
340 3552 551 3638 opinabatur.
