2422 3840
393 159 416 210 1.
428 178 430 183 ’
440 154 470 208 Ρ.
484 152 651 208 ALFENUS
669 151 791 208 VARUS
1032 150 1095 215 301

460 340 504 394 Dc
521 341 582 395 dote
599 341 725 409 calceata.

178 450 230 514 30.
258 447 297 512 D.
312 450 369 531 23,
384 448 418 531 5,
436 449 465 513 8.
502 448 639 512 Alfenus
663 448 746 513 libro
769 448 867 513 tertio
890 447 1098 531 Digestorum

90 561 110 601 a
137 537 238 601 Paulo
268 537 520 621 epitomatorem
548 535 596 624 (P.
609 533 683 623 Ι58).
728 535 789 601 Vir
814 535 972 600 infundo
997 535 1098 599 dotali

89 627 200 690 uxoris
219 633 336 709 rogatu
356 624 510 690 olivetum
530 625 709 690 succiderat
727 625 767 689 ad
786 625 857 709 hoc,
880 629 917 689 ut
935 624 1098 689 novellum

90 719 270 798 reponeret.
320 717 434 798 postca
464 714 513 779 vir
541 717 686 778 mortuus
714 717 784 778 erat
811 721 843 777 et
869 713 962 777 uxori
989 711 1099 776 dotem

90 805 301 888 relegaverat.
358 803 463 887 ligna,
500 823 581 886 quae
619 825 658 867 ex
690 803 810 867 oliveto
843 803 950 866 excisa
983 804 1100 884 essent,

91 899 240 975 oportere
263 891 391 956 mulieri
413 891 503 955 reddi
526 891 701 976 respondit.

179 1003 215 1061 cf.
240 1002 336 1063 Servii
358 1021 501 1079 responsa
525 1006 552 1064 9.

179 1115 233 1177 31.
261 1112 298 1176 D.
314 1113 366 1197 33,
380 1113 412 1197 4,
426 1114 445 1178 6
460 1135 507 1196 pr.
543 1111 653 1178 Labeo
676 1113 760 1176 libro
785 1112 922 1176 secundo
941 1111 1100 1195 posterio·
1170 1158 1173 1163 ,

92 1225 164 1265 rum
188 1225 207 1265 a
225 1200 377 1266 lavoleno
402 1203 652 1285 epitomatorum
672 1198 723 1287 (P.
737 1197 805 1288 82).
845 1198 928 1266 Dum
947 1200 1100 1284 scriptum

92 1294 193 1354 esset:
224 1290 316 1374 ‘quae
348 1290 484 1374 pecunia
518 1296 650 1375 propter
679 1312 810 1354 uxorem
842 1311 946 1353 meam
980 1288 1020 1352 ad
1048 1310 1101 1352 me

92 1380 180 1444 venit
200 1380 444 1464 quinquaginta,
460 1380 651 1443 tantundem
670 1401 729 1463 pro
749 1401 787 1442 ea
806 1378 880 1442 dote
899 1377 991 1441 heres
1011 1398 1100 1441 meus

93 1467 192 1551 dato',
227 1469 373 1551 quamvis
416 1468 630 1551 quadraginta
673 1467 759 1532 dotis
796 1467 949 1552 fuissent,
990 1469 1102 1530 tamen
1204 1528 1208 1538 ,

93 1556 328 1640 quinquaginta
356 1556 471 1620 debere
498 1557 635 1620 Alfenus
661 1554 768 1620 Varus
795 1553 940 1621 Servium
968 1577 1101 1638 respon-

92 1645 177 1708 disse
201 1645 327 1728 scribit,
353 1645 427 1727 quia
450 1646 617 1729 proposita
641 1665 767 1708 summa
789 1643 1025 1729 quinquaginta
1048 1643 1101 1708 ad·

92 1734 175 1798 iecta
198 1734 249 1798 sit.

181 1846 217 1904 cl.
241 1844 337 1904 Servii
360 1861 502 1919 responsa
528 1845 579 1903 10.

371 1999 373 2003 ⁷
458 2021 626 2092 Deprecatio
644 2024 739 2093 leuato.

182 2131 234 2194 32.
270 2128 308 2193 D.
328 2132 384 2213 33,
404 2131 439 2212 8,
459 2132 509 2195 14.
560 2130 698 2196 Alfenus
731 2127 835 2195 Varus
870 2129 954 2194 libro
988 2128 1102 2213 quinto

94 2217 303 2302 Digestorum
332 2219 379 2305 (P.
400 2218 467 2305 20).
513 2219 651 2296 Quidam
679 2220 715 2284 iu
736 2221 931 2283 testamento
955 2217 1003 2281 ita
1026 2217 1103 2281 scri·
1141 2298 1143 2302 y

94 2311 217 2391 pserat:
245 2306 448 2391 ‘Pamphilus
479 2330 590 2374 servus
617 2330 708 2374 meus
731 2307 891 2393 peculium
914 2328 1007 2371 suum
1031 2327 1103 2370 cum

96 2396 217 2460 moriar
231 2397 293 2460 sibi
307 2396 428 2461 habeto
442 2397 586 2483 liberque
601 2396 692 2462 esto'.
723 2396 962 2478 consulebatur,
976 2398 1103 2460 rectene

95 2484 265 2567 Pamphilo
279 2485 440 2569 peculium
457 2486 601 2571 legatum
615 2486 787 2570 videretur,
806 2485 889 2569 quod
902 2485 991 2568 prius
1006 2505 1104 2568 quam

94 2574 175 2637 liber
195 2577 280 2637 esset
297 2573 458 2657 peculium
476 2574 539 2639 sibi
554 2574 674 2640 habere
688 2574 796 2639 iussus
811 2576 905 2638 esset.
936 2571 1105 2656 respondit

95 2663 129 2726 in
158 2662 436 2728 coniunctionibus
466 2663 610 2728 ordinem
637 2663 761 2728 nullum
790 2685 859 2727 esse
887 2682 990 2745 neque
1019 2661 1104 2746 quic-

96 2772 192 2834 quam
219 2751 390 2835 interesse,
416 2754 525 2815 utrum
554 2773 665 2816 eorum
692 2751 832 2836 primum
860 2751 1018 2816 diceretur
1048 2752 1103 2815 aut

96 2838 302 2903 scriberetur:
333 2861 431 2923 quare
458 2844 544 2904 recte
572 2839 735 2923 peculium
758 2840 902 2925 legatum
925 2838 1048 2921 videri,
1066 2860 1104 2903 ac

96 2928 123 2990 si
151 2928 241 3010 prius
272 2928 355 2992 liber
383 2949 467 3014 esse,
493 2928 606 2992 deiude
629 2928 790 3012 peculium
814 2929 876 2993 sibi
897 2927 1017 2992 habere
1040 2927 1104 2990 ius-

95 3038 150 3079 sus
174 3023 232 3079 est.

183 3128 220 3185 cf.
243 3126 341 3187 Servii
363 3107 506 3204 responsa
531 3130 581 3188 13.

184 3237 237 3302 33.
264 3237 304 3302 D.
324 3239 380 3321 33,
399 3238 433 3321 8,
457 3237 506 3303 15.
546 3236 637 3302 Idem
662 3236 827 3319 (Alfenus)
853 3237 936 3302 libro
966 3237 1104 3301 secundo

96 3325 304 3409 Digestorum
338 3349 358 3390 a
385 3326 487 3392 Paulo
520 3327 770 3410 epitomatcrum
803 3322 856 3412 (P.
879 3323 951 3412 46).
1006 3322 1104 3391 Servo

96 3414 295 3478 manumisso
318 3416 478 3498 peculium
502 3416 647 3500 legatum
671 3418 754 3498 erat,
779 3417 842 3480 alio
866 3414 969 3499 capite
993 3435 1104 3479 omnes

96 3502 230 3566 ancillas
255 3524 330 3568 suas
353 3506 446 3570 uxori
469 3505 646 3590 legaverat.
684 3505 721 3568 iu
740 3504 873 3590 nasutio
889 3503 987 3566 sere.
999 3501 1134 3560 assata
