2422 3840
128 161 194 225 394
221 160 295 215 VIII.
311 158 445 217 OOTAvl
459 158 662 214 sancionis
678 156 989 214 consummans
1005 156 1139 210 TERTIA

608 345 663 406 ΙΠ.

195 456 234 520 D.
248 455 301 536 28,
316 455 345 535 5,
360 456 403 520 60
413 477 461 539 pr.
489 453 602 521 Celsus
732 453 771 518 D.
790 453 848 536 41,
869 455 901 534 1,
921 453 971 517 19.
1005 453 1140 536 Pompo·

129 545 213 609 libro
242 548 333 609 sexto
361 543 483 608 decimo
507 543 603 628 Dige-
666 543 738 608 nius
762 543 847 606 libro
870 541 968 606 tertio
989 542 1029 606 ad
1050 541 1140 607 Sabi·

109 639 253 698 ·stornm
281 631 331 719 (P.
353 632 457 717 126³).
506 631 604 696 Liber
665 653 744 696 num
764 628 815 717 (P.
825 627 921 717 414).
957 631 1142 717 Trebatius,

127 722 226 787 homo
261 744 333 786 cum
364 722 426 786 tibi
459 720 604 804 serviret,
668 720 696 785 si
727 721 809 784 liber
840 720 938 783 homo
966 720 1053 784 bona
1080 720 1143 784 fide

130 811 221 874 heres
244 811 414 875 institutus
438 811 528 874 iussu
545 813 603 873 tuo
668 809 810 874 serviens
825 808 915 872 iussu
931 808 998 872 eius
1013 808 1064 872 cui
1078 831 1142 873 ser-

129 899 225 963 adiit
251 899 421 964 Trebatius
440 920 511 963 esse
530 919 604 962 eum
667 899 746 980 vict,
773 896 986 961 hereditatem
1012 897 1142 980 adIsset,

129 988 290 1072 heredem,
313 986 423 1052 Labeo
443 990 519 1052 tunc
537 1007 603 1050 non
667 985 817 1053 heredem
849 985 956 1069 ipsum
986 985 1055 1050 fieri
1083 1008 1142 1050 neo

128 1099 198 1141 esse
227 1076 388 1156 heredem,
417 1075 446 1140 si
467 1075 604 1140 necessi·
668 1074 824 1141 interesse
839 1073 915 1157 quid
925 1075 1062 1138 senserit
1072 1075 1142 1155 [sod

128 1169 195 1230 tate
218 1166 251 1230 id
274 1165 400 1244 fecerit,
428 1186 493 1228 non
518 1165 603 1248 quod
669 1162 745 1249 quid
763 1163 899 1244 fecerit}
939 1161 1048 1227 Labeo
1069 1185 1143 1228 con-

128 1253 272 1338 alioquin
295 1253 394 1318 vellet
417 1252 564 1338 obligari
668 1255 733 1335 tra,
762 1252 793 1314 si
823 1273 862 1315 ex
888 1252 1083 1316 necessitate
1110 1252 1143 1316 id

667 1340 807 1422 fecisset,
828 1340 913 1424 quod
932 1341 960 1403 si
979 1340 1034 1419 ita,
1053 1344 1091 1405 ut
1110 1345 1142 1405 et

667 1429 736 1515 ipso
776 1428 887 1511 vellet,
928 1429 1035 1512 ipsum
1071 1429 1144 1494 fieri

667 1517 826 1583 heredem.

610 1717 663 1780 IV.

194 1828 233 1893 D.
257 1829 314 1912 32,
338 1829 393 1911 30,
418 1829 447 1894 5.
493 1829 601 1893 Labeo
731 1826 771 1893 D.
786 1827 838 1910 35,
850 1827 878 1911 1,
889 1827 917 1893 8.
942 1827 1142 1911 Pomponius

127 1917 210 1981 libro
243 1915 276 1981 II
315 1917 531 2002 posteriorum
583 1941 602 1982 a
665 1915 1142 2004 librovadsabinumffnro).

126 2004 279 2070 Iavoleno
348 2007 601 2090 epitomatorum
666 2004 700 2070 Si
716 2005 787 2090 quis
801 2004 849 2069 ita
863 2004 1035 2088 legaverit:
1053 2004 1143 2071 ‘dum

128 2089 601 2179 (P.172).‘Ux0rimeae,oum
665 2115 746 2159 uxor
773 2116 847 2158 mea
874 2115 945 2157 cum
973 2093 1042 2158 filio
1073 2096 1143 2176 erit,

127 2204 200 2245 cum
217 2183 284 2246 filio
299 2206 371 2248 meo
387 2181 517 2267 Capuae
532 2185 601 2265 erit,
664 2183 758 2246 heres
769 2181 1141 2267 meuseitantumdato',

127 2270 220 2334 heres
244 2293 334 2336 meus
358 2272 480 2337 ducena
499 2271 601 2355 dato’3
663 2272 708 2352 [si
736 2293 774 2335 ea
804 2270 937 2334 latitans
965 2274 1143 2354 patronum

126 2359 212 2423 filius
228 2382 247 2423 a
261 2365 364 2424 matre
383 2361 545 2444 mIgravit.
573 2361 601 2424 si
665 2361 703 2423 de
727 2358 831 2422 medio
853 2359 1009 2440 discessit,
1033 2364 1070 2424 ut
1093 2364 1141 2424 ta-

128 2448 224 2511 ambo
240 2447 370 2531 Capuae
391 2449 601 2529 habitassent,
664 2469 738 2511 men
779 2447 949 2512 consilium
986 2449 1143 2513 retineret

126 2536 268 2620 legatum
297 2538 396 2602 matri
423 2537 534 2601 debitu
561 2537 602 2602 iri
663 2535 804 2601 habendi
846 2558 954 2600 secum
994 2537 1142 2620 liberos]

126 2626 253 2709 putavi,
279 2626 425 2709 quamvis
449 2648 514 2689 una
537 2647 601 2690 non
665 2625 772 2689 deberi
800 2625 829 2688 ei
853 2624 996 2705 legatum
1020 2625 1142 2690 Treba-

126 2713 342 2797 habItassent3
365 2714 417 2777 sin
440 2718 549 2778 autem
566 2715 601 2778 in
663 2714 728 2777 tius
748 2717 781 2778 et
798 2712 906 2777 Labeo
926 2713 1026 2795 aiunt,
1050 2715 1143 2797 [quia

127 2801 215 2865 aliud
239 2802 445 2886 municipium
465 2803 600 2867 transis·
663 2823 730 2866 non
744 2823 838 2866 omne
858 2805 1058 2866 momentum
1075 2803 1141 2867 exi-

127 2897 212 2973 sent,
242 2891 338 2955 unius
362 2891 438 2955 anni
460 2896 600 2956 tantum·
664 2891 802 2974 gendum
818 2891 871 2972 sit,
888 2895 926 2954 ut
940 2911 1011 2953 cum
1026 2891 1142 2956 liberis

127 2979 221 3043 modo
247 2979 357 3043 debitu
380 2979 429 3063 iri,
454 3002 517 3063 quo
536 3002 601 3044 una
664 2980 720 3061 sit,
750 2979 819 3058 sed]
848 2978 877 3042 si
904 3000 975 3041 eam
999 2983 1143 3045 mentem

126 3067 332 3133 habitassent
400 3069 600 3151 quantolibet
665 3069 712 3148 [et
730 3067 762 3131 id
777 3067 993 3152 propositum]
1010 3066 1143 3152 habeat,

125 3159 285 3239 tempore,
307 3156 414 3240 <quod
443 3158 495 3240 et>
524 3157 599 3221 Tre·
662 3177 703 3220 ne
722 3156 825 3220 filium
844 3163 979 3220 asemet
998 3156 1144 3222 dimittat

125 3245 231 3309 batius
256 3245 303 3309 ait
416 3246 598 3310 sinautem
662 3266 742 3309 neve
771 3266 828 3329 per
856 3266 928 3309 eam
954 3248 1033 3328 stet,
1062 3268 1144 3330 quo·

125 3355 183 3416 per
212 3335 379 3398 mulierem
412 3356 503 3398 mora
532 3356 598 3399 non
662 3333 769 3397 minus
797 3355 870 3397 cum
893 3355 930 3397 ea
953 3334 1039 3398 filius
1064 3334 1143 3401 edu-

121 3425 185 3505 est,
219 3421 392 3506 quominus
425 3445 496 3489 cum
529 3422 597 3487 filio
661 3426 762 3487 catur.

101 3505 251 3597 habitet,
281 3514 400 3602 tegata
428 3514 460 3583 ei
484 3511 603 3580 deberi.
