2422 3840
55 169 59 180 '
92 165 156 228 176
193 163 239 219 VI.
263 161 398 218 OCTAVI
416 161 514 218 SAEC.
533 163 630 217 IURlS
650 161 821 220 CONSULT.
837 163 963 220 saulus
983 164 1098 219 PRIMA

92 332 264 393 definitione
301 332 451 406 pertinent
487 326 616 390 fortasse
647 331 740 390 verba
772 331 919 407 quaedam
951 335 1101 411 corrupta,

95 441 170 500 quae
198 422 233 482 D.
258 422 389 497 50,16,
411 421 473 478 203
506 419 593 479 hodie
625 419 669 478 ita
696 421 853 497 leguntur:
886 414 975 498 ‘quid
1004 426 1102 482 autem

95 514 173 571 esset
195 527 275 568 >usu
298 523 374 568 suo<
397 527 537 584 magnam
557 507 698 567 habuisse
718 508 938 568 dubitationem
956 512 988 569 05
1006 511 1100 589 magis

95 602 223 676 plaeere,
261 598 340 675 quod
375 597 437 657 viot
438 617 474 655 us
512 597 559 656 sui
596 614 687 656 eausa
717 600 863 745 parmatum
890 600 950 674 est,
986 601 1103 658 tantum

95 681 266 749 eontineri'.
313 705 388 762 quae
410 684 576 744 Mommsen
605 685 647 744 050
674 685 763 745 restit
854 679 1032 763 et<penu
1060 688 1103 746 sui

95 797 167 837 usus
192 794 282 835 eausa
304 770 432 851 parata>
456 774 552 852 magis
575 769 705 849 plaeere'
725 687 838 850 etq.s.
869 705 1028 835 etaooedun
1046 776 1104 835 alia

95 866 187 926 verba
208 865 247 923 D.
262 867 312 942 32,
329 865 370 924 60
392 864 502 922 relata:
526 856 692 939 respondit
711 905 736 924 ..
756 881 816 922 non
840 862 1019 923 dissimilem
1042 882 1104 924 esso

96 954 356 1029 deliberationem,
388 969 455 1010 eum
487 969 580 1026 penus
613 951 714 1029 legata
746 953 825 1011 esset
857 954 888 1011 et
917 953 1032 1012 multas
1059 971 1104 1013 res

96 1063 171 1120 quae
198 1061 294 1120 penus
321 1043 422 1101 essent
448 1040 633 1119 reliquisset,
662 1059 697 1099 ex
725 1041 833 1117 quibus
860 1043 949 1116 pater
972 1041 1104 1101 familias

95 1132 223 1192 vendere
246 1131 354 1190 solitus
378 1123 478 1188 esset’.

426 1280 470 1336 De
482 1280 647 1336 vestimentis
665 1281 769 1352 tapetia.

185 1383 250 1447 29?
272 1380 311 1446 D.
326 1382 378 1463 33,
388 1381 418 1467 5,
428 1381 478 1444 20.
507 1380 616 1446 Labeo
631 1381 715 1445 libro
731 1379 871 1445 seeundo
886 1381 1104 1464 posteriorum

98 1495 117 1536 a
143 1471 296 1535 Iauoleno
324 1471 391 1552 epit
393 1475 482 1534 omat
484 1490 576 1593 orulm
604 1470 653 1554 (P.
678 1466 766 1556 179).
815 1469 912 1554 Apud
939 1469 1106 1535 Aufidium

97 1562 180 1625 libro
212 1559 316 1643 primo
348 1555 545 1640 responsum¹
577 1563 640 1642 est,
677 1580 749 1622 eum
781 1558 829 1622 ita
861 1559 1008 1640 legatum
1041 1563 1106 1624 005·

97 1649 290 1713 vestimenta
309 1669 391 1730 quae
409 1647 498 1711 volet
518 1647 696 1711 triclinaria
715 1647 813 1710 sumit
814 1669 834 1711 o
849 1647 973 1731 sibique
988 1647 1105 1732 habeo,

98 1738 176 1801 siis
200 1736 334 1800 dixisset
358 1757 439 1819 quae
462 1734 631 1820 <sumere>
651 1735 760 1817 vellet,
783 1735 906 1820 deinde,
929 1739 1106 1821 antequam

99 1848 137 1890 ea
161 1827 311 1908 sumeret,
334 1823 399 1888 alia
422 1846 457 1888 00
479 1824 562 1887 velle
587 1824 729 1902 dixisset,
753 1828 877 1888 mutare
900 1825 1105 1890 voluntatem

98 1936 171 1978 eum
207 1936 274 1978 non
304 1934 418 1998 posse,
454 1916 492 1976 ut
524 1914 588 1977 alia
620 1917 778 1999 sumeret,
815 1912 892 1996 quia
928 1935 1025 1978 omne
1057 1915 1106 1979 ius

98 2002 198 2087 legati
224 2003 330 2087 prima
357 2002 545 2085 testatione,
575 2024 638 2086 qua
665 2023 792 2065 sumere
815 2023 850 2065 00
873 2000 1009 2066 dixisset
1033 2024 1108 2068 oon·

99 2093 236 2175 sumpsit
247 2093 269 2177 [,
297 2092 448 2176 quoniam
471 2112 523 2155 res
552 2090 704 2155 continuo
729 2090 796 2154 eins
819 2089 868 2174 fit,
897 2091 994 2155 simul
1019 2113 1057 2156 00
1080 2093 1107 2157 05

98 2181 215 2245 dixerit
238 2202 309 2244 eam
333 2182 482 2259 sumere].
566 2186 568 2189 ’

185 2292 373 2366 Responsum
401 2291 439 2349 ab
463 2288 582 2349 Aufidio
609 2290 741 2350 relatum
764 2289 861 2351 Servii
888 2290 1009 2349 videtur
1033 2309 1106 2351 esse.

98 2381 135 2438 ef.
156 2379 221 2438 Gai.
241 2383 270 2454 2,
286 2382 358 2439 209.
405 2378 528 2437 Sinendi
550 2379 637 2438 modo
660 2379 705 2437 ita
727 2380 875 2456 legamus;
899 2372 998 2439 ‘heres
1022 2399 1106 2439 mens

99 2468 221 2526 damnas
249 2472 314 2527 esto
338 2467 434 2526 sinere
458 2467 492 2526 L.
516 2467 630 2526 Titium
653 2467 802 2527 hominem
826 2466 964 2526 Stiohum
988 2486 1106 2528 sumere

100 2556 215 2634 sibique
239 2549 369 2616 habere'.

386 2690 430 2744 De
447 2705 516 2744 euro
533 2691 574 2744 oet
592 2695 704 2760 arqeato
723 2690 818 2759 500050.

189 2789 241 2855 30.
264 2787 303 2853 D.
318 2789 370 2873 34,
385 2791 414 2872 2,
428 2790 469 2854 27
490 2792 555 2870 03.
579 2789 739 2874 Ulpianus
758 2790 843 2855 libro
862 2791 1108 2876 quadragesimo

101 2881 215 2963 quarto
240 2877 279 2941 ad
304 2839 460 2942 Sabinirm
484 2877 533 2964 (P.
542 2875 661 3031 29135)
700 2877 760 2944 Oui
784 2901 898 2944 aurum
921 2881 973 2944 vel
996 2901 1109 2966 argen-

26 2976 35 2993 ·
101 2970 171 3031 tum
194 2965 261 3031 fae
247 2971 315 3031 nm
339 2968 427 3050 lega
428 2990 483 3032 ιιιιι
507 2972 565 3051 est,
591 2967 620 3032 05
642 2968 781 3032 fractum
804 2973 861 3032 aut
847 2968 1033 3033 toollisum
1056 2969 1108 3052 sit,

100 3078 167 3120 non
199 3056 393 3120 continetur:
432 3054 560 3120 Servius
597 3055 682 3119 enim
716 3057 879 3122 existimat
910 3080 1025 3122 aurum
1057 3059 1108 3122 vel

101 3149 215 3229 argent
216 3166 271 3207 um
288 3143 354 3208 ieet
340 3150 410 3208 tum
436 3145 469 3208 id
494 3143 607 3228 videri,
640 3166 703 3229 quo
731 3145 898 3210 commode
926 3146 974 3210 uti
998 3168 1109 3231 possu-

101 3255 181 3317 mus,
200 3238 369 3318 argentum
389 3238 496 3298 autem
515 3232 652 3298 fractum
668 3237 701 3297 et
718 3233 865 3298 collisum
883 3255 949 3299 non
968 3234 1108 3300 incidere

99 3323 133 3386 in
157 3344 228 3387 eam
253 3322 375 3387 definit
350 3327 482 3406 tionem,
506 3323 561 3387 sed
584 3321 702 3386 infecto
726 3344 786 3387 oon
789 3323 893 3388 tineri.

146 3468 196 3584 ἱ.
215 3460 262 3516 Fl.
281 3462 398 3530 rescript
399 3479 454 3515 um.
493 3462 644 3516 Mommsen
662 3463 802 3517 emendare
820 3463 895 3517 iubet
912 3477 1109 3532 responsorum

97 3530 174 3599 serip
189 3551 241 3586 um.
