2422 3840
317 171 345 226 8.
370 166 524 225 SERVIUS
543 167 726 224 SULPICIUS
743 168 862 224 RUFUS
1034 167 1096 231 175
1131 181 1138 195 “

468 364 512 420 De
529 365 598 420 villa
616 365 712 436 tepula.

174 423 227 540 24.
259 473 299 539 D.
318 474 370 558 33,
387 474 416 557 l,
431 474 481 538 16.
517 472 655 538 Alfenus
678 474 763 539 libro
786 473 924 540 secundo
946 444 1096 558 Digesto·

27 616 29 625 .
87 587 156 630 rum
176 586 197 628 a
210 562 312 629 Paulo
331 561 580 647 epitomatorem
596 560 647 650 (P.
656 558 724 648 44).
756 561 863 627 Villae
880 563 1096 627 instrumento

88 653 196 739 legato
221 650 452 736 supellectilem
474 673 541 716 non
565 651 724 716 contineri
746 650 852 716 verius
875 653 934 716 est.

171 763 276 823 Verba
299 756 411 823 ‘verius
430 756 487 822 est'
511 781 570 822 non
588 761 700 837 Alfeni,
724 763 776 822 sed
794 763 881 822 Pauli
900 780 964 822 esse
982 761 1095 822 iudico:

84 853 215 913 Alfenus
233 853 362 912 fortasse
380 851 501 927 scripsit
519 845 654 912 ‘Servius
673 845 846 928 respondit'.
875 851 912 912 cf.
926 851 962 910 D.
974 852 1024 927 13,
1036 852 1093 928 3,3

85 941 249 1019 Ulpianus:
272 935 386 1001 ‘verius
408 942 454 999 est
476 940 556 1016 qnod
580 940 701 1000 Servius
725 932 789 1000 ait'.

459 1089 504 1146 De
520 1092 601 1146 cinea
618 1091 716 1160 leuata.

172 1201 225 1267 25.
248 1200 287 1267 D.
301 1202 353 1285 33,
370 1202 398 1285 l,
415 1202 455 1266 16
474 1203 495 1281 ἓ
513 1202 541 1265 1.
577 1199 715 1265 Alfenus
734 1201 817 1265 libro
837 1201 976 1266 secundo
996 1199 1094 1284 Dige-

82 1294 212 1357 storum
239 1313 259 1354 a
280 1288 392 1373 Paulo,
410 1290 658 1373 epitomatorem
682 1287 732 1374 (Ρ.
750 1285 818 1375 44).
863 1287 969 1354 Vinea
992 1297 1024 1353 et
1046 1291 1093 1352 in-

83 1383 268 1445 strumento
292 1379 360 1444 eius
383 1379 492 1463 legato
515 1378 767 1442 instrumentum
790 1378 900 1442 vineae
923 1378 1005 1442 nihil
1023 1399 1092 1441 esse

79 1467 213 1533 Servius
249 1467 428 1551 respondit:
466 1467 520 1550 qui
556 1487 629 1530 eum
665 1467 869 1549 consulebat,
906 1464 1091 1532 Cornelium

76 1554 288 1641 respondisse
318 1556 425 1621 aiebat
451 1555 544 1639 palos
572 1554 713 1638 perticas
741 1559 864 1620 rastros
893 1556 1018 1640 ligones
1043 1556 1091 1619 iu-

78 1646 256 1710 strumenti
278 1645 391 1710 vineae
414 1666 493 1710 esse.

440 1801 484 1856 De
501 1802 619 1857 molesia
636 1801 732 1872 lupata.

173 1911 226 1976 26.
250 1909 288 1975 D.
304 1911 355 1993 32,
369 1910 421 1975 57.
454 1910 653 1994 Pomponius
674 1909 757 1974 libro
781 1909 950 1993 trigesimo
975 1908 1015 1972 ad
1035 1906 1091 1972 Sa·

79 2000 196 2064 binum
216 1997 265 2085 (P.
285 1997 374 2085 749).
411 1997 541 2064 Servius
560 1997 735 2081 respondit,
758 1998 809 2061 cui
832 1997 935 2062 omnis
955 1997 1091 2061 materia

80 2090 194 2175 legata
217 2089 272 2172 sit,
298 2087 328 2151 ei
350 2110 409 2152 nec
432 2109 542 2152 arcam
565 2109 623 2152 nec
647 2086 821 2151 armarium
843 2086 987 2169 legatum
1011 2105 1089 2148 esse.

171 2199 209 2260 of.
227 2199 405 2259 sententiam
423 2199 623 2259 Minuciorum
640 2191 753 2277 (Bruns
767 2217 796 2272 p.
807 2189 898 2276 359):
919 2188 1089 2271 ‘quominus

78 2307 117 2348 ex
131 2307 166 2348 eo
186 2306 259 2364 agro
277 2288 360 2366 ligna
378 2288 594 2364 materiamque
614 2290 735 2347 sumant
752 2277 956 2362 utunturque'.
986 2284 1022 2342 D.
1040 2285 1090 2360 18,

80 2380 172 2453 6,15
197 2370 334 2436 ‘materia
357 2371 470 2453 empta'
493 2419 522 2436 ..

413 2518 457 2574 De
474 2519 642 2574 habitatione
660 2521 756 2588 leuata.

167 2629 221 2693 27.
243 2627 283 2692 D.
297 2628 349 2711 33,
363 2629 393 2714 2,
407 2628 462 2693 40.
488 2625 625 2691 Alfenus
640 2627 747 2693 Varus
766 2627 849 2691 libro
865 2631 978 2691 octavo
992 2625 1088 2710 Dige-

81 2721 208 2782 storum
232 2738 251 2780 a
273 2714 376 2781 Paulo
400 2716 648 2799 epitomatorum
671 2713 719 2802 (P.
735 2713 802 2803 74).
847 2714 911 2779 ‘Illi
935 2737 1006 2779 cum
1030 2714 1087 2778 illo

77 2805 319 2980 peaglp'stsagppnem
343 2804 431 2891 lego'
453 2805 587 2889 perinde
611 2825 685 2889 esse,
709 2827 745 2870 ac
769 2805 796 2868 si
819 2805 866 2868 iu.
889 2802 950 2868 ‘illi
973 2807 1005 2867 et
1027 2800 1088 2866 illi'

142 2994 367 3055 <Tribonianus
391 2995 510 3071 scripsit
533 2989 671 3072 ‘perinde
694 2989 762 3055 est'.

430 3161 433 3169 ’
454 3146 498 3202 Dc
512 3163 587 3217 penu
605 3145 716 3216 lupata?

167 3256 220 3322 28.
252 3261 297 3320 De
324 3280 405 3337 penu
432 3262 534 3339 legata
557 3260 695 3321 Servium
722 3260 912 3336 respondisse
941 3275 1087 3333 nusquam

76 3350 217 3410 traditur.
269 3352 302 3409 at
328 3369 396 3409 eum
428 3351 488 3416 hac
512 3350 549 3409 de
576 3369 607 3409 re
635 3369 694 3408 non
720 3348 909 3425 respondisse
936 3346 1000 3407 veri
1028 3345 1086 3405 dis·

76 3439 266 3498 simillimum
290 3457 354 3499 esse
377 3439 426 3499 vel
449 3457 485 3498 ea
508 3438 623 3513 docent,
646 3457 721 3516 quae
745 3438 777 3497 in
793 3436 980 3512 reprehensis
1000 3433 1085 3493 Scae·

74 3529 164 3588 volae
192 3527 343 3603 capitibus
367 3527 494 3604 scripsit.
536 3526 574 3586 ad
596 3545 771 3606 responsum
794 3526 831 3588 de
852 3526 977 3605 penoris
994 3523 1098 3599 leuati
