2422 3840
97 149 163 212 322
188 148 262 204 Vlll.
279 147 413 202 OCTAVI
427 147 632 203 sancionis
647 147 958 203 consumsimus
972 146 1115 203 TERTIA

158 312 239 377 eu.
267 311 306 376 Ι).
325 312 360 396 4,
380 312 413 390 8,
432 312 484 376 50.
522 311 658 375 Alfenus
685 311 768 375 libro
793 312 932 395 septimo
957 310 1113 397 Digesto·

97 423 169 464 rum
195 398 242 484 (P.
262 398 329 486 30).
375 399 507 464 Arbiter
534 422 573 464 ex
601 400 832 484 compromisso
862 403 1008 483 sumptus
1035 422 1113 465 curn

99 493 173 553 ante
206 511 279 553 eum
312 489 410 572 diem,
447 489 502 573 qui
534 489 729 553 constitutus
762 490 995 572 compromisso
1030 495 1113 574 erat,

99 578 292 642 sententiam
316 577 420 643 dicere
443 599 508 642 non
532 581 657 661 posset,
680 577 765 655 diem
788 577 1013 660 compromissi
1036 600 1114 661 pro·

101 667 177 730 ferri
196 667 343 731 iusserat.
381 666 462 730 alter
486 688 524 730 ex
547 666 767 750 litigatoribus
787 665 872 730 dicto
893 665 1025 730 audiens
1045 689 1114 732 non

98 755 218 820 fuerat:
245 755 474 819 consulebatur
501 760 651 838 possetne
675 755 715 819 ab
739 775 776 818 eo
801 755 937 839 pecunia
960 777 999 819 ex
1023 776 1111 819 eom·

97 845 258 928 promisso
289 844 364 928 peti.
413 843 564 928 respondi
591 865 657 908 non
684 864 792 927 posse,
821 842 892 907 ideo
928 842 1012 928 quod
1044 867 1113 909 non

12 961 16 968 ·
98 937 184 998 esset
207 933 331 997 arbitro
354 934 548 1016 permissum
571 934 608 995 ut
630 931 662 995 id
685 931 819 996 iuberet.
862 956 863 959 ¹
899 941 901 946 '

367 1115 414 1173 De
436 1117 467 1173 in
489 1117 632 1188 inteprnnu
654 1117 836 1174 restitutione.
967 1147 968 1150 =
999 1144 1001 1148 v

187 1235 239 1299 98.
267 1215 307 1299 u.
324 1234 355 1315 4,
371 1233 400 1316 e,
414 1234 467 1297 42.
504 1232 641 1297 Alfenus
660 1233 745 1298 uuo
765 1234 878 1319 quinto
898 1231 1111 1317 Digestorum

100 1322 147 1408 (P.
167 1323 233 1407 22).
280 1321 355 1387 Non
382 1343 458 1386 vero
486 1320 604 1385 dicitur
631 1322 678 1385 rei
704 1321 852 1405 publicae
876 1343 973 1386 causa
997 1324 1112 1388 abesse

22 1469 23 1474 ,
99 1434 182 1493 eum,
206 1412 261 1494 qui
285 1411 334 1475 sui
358 1409 477 1493 privati
499 1410 623 1494 negotii
646 1431 744 1474 eausa
765 1411 798 1473 in
822 1410 984 1494 legatione
1008 1415 1067 1477 est.

472 1627 580 1686 Liber
603 1627 736 1687 XXXIV.

391 1751 437 1810 De
460 1754 622 1812 ciuitatibus
644 1754 818 1824 foederatis?
851 1755 855 1765 ⁴

189 1871 242 1935 99.
275 1869 355 1935 Gell.
377 1869 455 1955 7‚5,
477 1874 503 1935 1.
549 1870 686 1935 Alfenus
709 1871 788 1934 iuris
812 1871 977 1934 consultus
1078 1874 1112 1937 in

42 1967 46 1972 ’
100 1961 185 2024 libro
214 1957 424 2043 Digestorum
452 1960 615 2023 tricesimo
644 1963 677 2022 et
704 1963 818 2042 quarto
843 1961 966 2023 in
992 1959 1133 2040 foedere.

99 2050 215 2133 inquit,
238 2049 321 2132 quod
336 2049 417 2112 iuter
427 2049 581 2131 populun
598 2047 777 2112 Romanuin
795 2053 824 2112 et
844 2046 1113 2130 Oortbupinienses

98 2139 258 2220 factumst,
289 2138 438 2218 scripturn
466 2138 633 2219 inuenitur,
665 2141 700 2200 ut
727 2135 998 2219 Curtbupenienses
1025 2145 1112 2220 quot-

99 2229 194 2292 annis
212 2227 327 2308 popello
346 2224 490 2290 Romano
508 2227 619 2289 durent
635 2229 750 2295 eertum
761 2227 886 2308 pondus
904 2229 1022 2308 arpenti
1034 2230 1114 2308 puri
1138 2296 1140 2298 ,

93 2317 182 2398 nuti,
209 2316 439 2396 quaesitumque
470 2317 524 2391 est,
551 2314 629 2395 quid
653 2319 728 2378 esset
749 2335 869 2395 purum
894 2319 1016 2396 putuin.
1068 2338 1113 2380 re-

99 2405 219 2488 spondi,
242 2403 357 2487 inquit,
380 2423 431 2484 epo
443 2406 558 2483 putum
576 2421 638 2466 esse
654 2403 742 2466 uelde
752 2424 881 2486 purten,
903 2404 982 2467 sicut
997 2425 1113 2469 nouum

38 2564 41 2570 .
99 2493 254 2557 novicium
281 2492 413 2556 dicimus
439 2494 469 2554 et
492 2491 658 2572 proprium
685 2493 860 2574 propicium
886 2512 995 2573 ungere
1021 2498 1114 2576 utque

99 2582 254 2645 totondere
275 2581 404 2644 uolentes
425 2583 498 2643 noui
520 2583 549 2643 et
563 2580 689 2662 proprii
711 2581 974 2662 sipnifieutionen.

483 2761 530 2820 De
547 2763 722 2835 publicante.

190 2879 262 2944 100.
285 2877 324 2944 D.
339 2879 391 2963 50,
408 2879 458 2965 16,
473 2881 547 2947 203.
575 2879 664 2944 Idem
680 2879 846 2967 (Alfenus)
867 2881 950 2946 libro
970 2884 1119 2966 septimo.

99 2969 309 3055 Digestorum
335 2968 383 3053 (P.
402 2970 468 3055 29).
514 2968 553 3047 ln
580 2970 651 3055 lege
676 2971 821 3036 censoria
843 2975 954 3054 portus
979 2968 1112 3036 Siciliae

98 3061 146 3125 ita
173 3059 331 3141 scriptum
360 3062 440 3122 erat:
474 3058 611 3142 servos,
644 3079 723 3143 quos
754 3059 884 3142 domum
914 3059 985 3143 quis
1015 3060 1112 3125 ducet

100 3171 158 3213 suo
182 3170 257 3224 usu,
283 3169 341 3230 pro
364 3147 392 3211 is
415 3148 595 3231 portorium
618 3169 659 3210 ne
682 3147 779 3213 dato'.
826 3147 1053 3232 quaerebatur,
1083 3152 1111 3214 si

101 3238 172 3323 quis
197 3260 216 3301 a
235 3235 345 3301 Sicilia
365 3258 476 3301 servos
495 3236 633 3300 Romam
652 3236 798 3300 mitteret
816 3236 908 3300 fundi
927 3237 1111 3302 instruendi

100 3349 209 3409 causa,
237 3330 347 3389 utrum
375 3346 433 3410 pro
464 3325 516 3389 his
545 3324 732 3390 hominibus
756 3327 936 3407 portorium
960 3326 1035 3390 dare
1059 3329 1111 3391 de-

98 3417 190 3479 beret
222 3435 329 3479 necne.
380 3415 547 3497 respondit
579 3414 658 3477 duas
691 3435 760 3477 esse
793 3414 826 3476 in
859 3413 919 3478 hac
950 3415 1111 3499 scriptura

90 3503 315 3587 quaestiones,
338 3503 487 3585 primam,
510 3501 585 3587 quid
605 3505 690 3566 esset
709 3499 853 3566 ‘domum
873 3502 1008 3588 ducere’‚
1033 3505 1111 3568 alte-
