2422 3840
285 154 310 234 i.
334 177 365 244 o.
385 177 518 235 nouus
537 178 567 235 r.
582 181 612 234 r.
626 178 658 234 r.
674 181 707 236 n.
723 179 912 235 sorssors
1061 182 1103 245 83

180 345 266 417 Quae
287 365 367 407 nunc
389 348 530 426 legimus:
554 343 642 408 ‘Cum
664 349 708 408 ita
731 348 865 427 legatum
884 352 973 426 esset,
995 354 1032 409 ut
1048 393 1057 410 .
1072 397 1102 411 ..

86 453 164 494 uror
186 454 265 494 mea
288 481 317 496 ..
340 431 471 514 habeat,
495 456 592 514 neque
615 437 774 498 Iavolenus
798 457 893 515 neque
916 438 1027 517 Labeo,
1050 439 1102 499 sed

87 523 291 584 Tribonianus
318 525 447 602 scripsit
492 526 575 602 apud
600 525 770 585 Labeonem
798 527 872 586 haee
898 527 962 586 fere
989 528 1102 605 scripta

86 613 183 673 fuisse
206 616 294 689 puto:
319 607 422 673 ‘Titia
444 631 525 674 uxor
547 631 618 674 mea
640 610 825 674 tantundem
849 614 975 694 partem
994 614 1101 694 capiat

87 698 280 780 quantulam
303 695 417 762 heres?
463 699 492 762 si
514 719 580 762 non
680 698 823 782 legatam
846 721 923 763 esse.

177 812 209 876 2.
233 809 346 877 Gicero
365 812 405 877 de
422 813 518 898 legib.
537 814 567 899 2,
581 814 633 896 20,
648 813 700 879 50.
718 850 755 861 -
777 863 806 878 ..
826 815 923 878 etiam
941 814 1003 878 hoc
1023 815 1101 879 dant

87 897 278 986 Scaevolae,
309 922 406 984 quom
438 905 489 966 est
519 901 667 986 partitio,
697 906 747 985 ut,
779 904 806 967 si
838 904 872 966 in
904 906 1099 968 testamento

86 987 228 1054 deducta
245 1009 368 1055 summ
385 995 507 1056 centum
524 1011 686 1056 summm
701 1013 766 1056 non
783 991 834 1074 sit,
852 993 977 1075 ipsique
991 991 1098 1057 minus

85 1077 232 1161 ceperint
260 1099 356 1162 quani
387 1079 537 1144 omnibus
560 1079 730 1145 heredibus
755 1080 969 1165 relinquatur,
998 1081 1098 1146 saeris

81 1188 125 1229 ne
151 1167 311 1250 alligetur.

176 1260 213 1319 ef.
236 1278 312 1338 quae
335 1283 364 1338 p.
384 1264 425 1322 34
449 1262 600 1323 adnotavi.

177 1369 206 1428 3.
238 1365 340 1428 (licere
363 1367 432 1427 ibid.
454 1370 493 1429 51
518 1368 624 1446 tradit,
652 1369 727 1428 iuris
754 1372 905 1430 consultos
927 1369 1020 1430 etiam
1041 1371 1098 1430 hoo

82 1455 213 1532 cavisse,
246 1451 296 1516 ‘ut
325 1458 373 1517 eui
399 1458 468 1532 plus
496 1456 631 1534 legatum
660 1458 712 1536 sit,
740 1477 831 1535 quam
858 1459 922 1518 sine
950 1459 1096 1538 religione

82 1562 191 1620 capere
223 1546 326 1623 liceat,
357 1546 383 1605 is
415 1565 468 1622 per
500 1565 551 1605 aes
578 1549 611 1605 et
636 1546 743 1605 libram
770 1547 895 1607 heredes
922 1549 1097 1608 testamenti

82 1633 196 1709 solvat,
222 1637 382 1710 propterea
409 1636 490 1712 quod
516 1654 551 1695 eo
574 1635 638 1694 loco
662 1654 711 1694 res
735 1647 780 1694 est
802 1637 847 1695 ita
870 1637 981 1714 soluta,
1008 1637 1103 1715 quasi.

82 1741 119 1780 ea
142 1725 269 1799 pecunia
291 1723 393 1799 legata
415 1742 475 1783 non
499 1717 598 1784 esset’.
641 1723 677 1782 de
699 1742 732 1783 re
754 1743 782 1784 v.
803 1725 994 1785 Burelrhardt
1017 1725 1047 1784 Z.
1067 1727 1094 1786 d.

82 1809 274 1887 Savigny-St.
297 1811 341 1870 IX
367 1832 396 1887 p.
417 1813 490 1888 305,
510 1815 582 1871 314.
628 1813 730 1889 itaque
759 1815 790 1870 et
813 1832 849 1871 ea
872 1832 948 1889 quae
972 1815 1104 1893 subieci„

79 1918 117 1957 ex
142 1898 175 1969 Q.
195 1900 287 1959 Mucii
308 1899 383 1960 iuris
406 1900 502 1961 civilis
524 1901 609 1960 libris
633 1902 791 1974 desumpta
815 1899 962 1960 videntur.
1075 1922 1079 1931 ·

175 2006 287 2075 Cicero
307 2011 347 2075 de
368 2010 466 2095 legib.
487 2012 517 2089 2,
530 2013 583 2093 21,
598 2011 649 2091 52,
664 2011 717 2076 53.
738 2047 775 2056 -
796 2011 900 2074 habeo
920 2012 970 2075 ius
990 2013 1095 2094 ponti-

78 2097 199 2163 ficium.
219 2098 295 2183 qnid
309 2098 371 2163 huc
386 2099 522 2164 accessit
537 2121 575 2163 ex
589 2100 658 2163 iure
672 2099 780 2164 cirili?
798 2098 984 2182 partitionis
996 2106 1093 2183 caput

81 2187 243 2270 scriptum
258 2191 360 2271 caute,
374 2193 412 2252 ut
426 2191 555 2252 centum
569 2189 693 2252 nummi
704 2187 948 2252 deducerentur:
963 2190 1095 2254 inventa

80 2280 132 2340 est
160 2273 260 2359 rati0,
288 2297 343 2340 cur
370 2278 505 2360 pecunia
533 2298 697 2349 sacrorum
719 2277 870 2341 molestia
893 2277 1094 2342 liberaretur.

79 2364 159 2448 quid
179 2363 208 2428 si
225 2364 287 2430 hoc
304 2365 358 2450 qui
372 2369 603 2430 testamentum
617 2365 766 2448 faciebat,
785 2387 896 2430 cavere
910 2365 1091 2431 noluisset?

80 2453 233 2517 admonet
251 2455 330 2518 iuris
349 2454 515 2520 consultus
533 2454 586 2518 hie
602 2455 730 2537 quidem
744 2453 815 2537 ipse
829 2453 964 2537 Mucius,
983 2457 1091 2537 ponti-

77 2542 132 2606 fex
161 2541 261 2625 idem,
289 2545 326 2606 ut
352 2543 459 2607 minus
490 2543 598 2625 capiat
625 2564 721 2626 quarn
744 2544 894 2607 omnibus
917 2543 1098 2609 heredibus·

76 2631 290 2714 relinquatur,
308 2632 423 2716 quibus
442 2653 501 2715 par
516 2631 665 2696 dicebant
678 2633 731 2716 qui
747 2632 895 2715 cepisset,
913 2633 1091 2716 adstringit.

76 2741 190 2784 rursus
215 2720 314 2783 sacris
336 2720 501 2785 liberatur.
541 2720 603 2785 hoe
626 2742 700 2784 vero
724 2722 806 2784 nihil
827 2721 866 2784 ad
885 2722 1088 2804 pontificium

78 2810 140 2890 ius,
168 2806 223 2871 sed
247 2829 264 2872 e
287 2808 391 2873 medio
416 2812 465 2873 est
487 2809 556 2872 iure
580 2809 676 2886 civili,
699 2815 735 2872 ut
757 2832 815 2893 per
838 2831 892 2872 aes
916 2815 948 2873 et
971 2811 1087 2874 libram

76 2895 229 2962 heredem
247 2898 436 2961 testamenti
455 2898 585 2962 solvant
603 2902 636 2960 et
654 2898 766 2962 eodem
784 2899 856 2963 loco
871 2920 922 2962 res
937 2899 979 2962 sit
993 2900 1087 2982 quasi

77 3008 115 3050 ea
148 2985 285 3069 pecunia
311 2986 422 3070 legata
448 3008 514 3050 non
542 2990 640 3068 esset,
667 2986 695 3049 si
721 2986 749 3050 is
779 2988 829 3050 eui
857 2988 1001 3070 legatum
1029 2992 1088 3069 est,

77 3074 254 3158 stipulatus
273 3079 324 3137 est
340 3074 373 3139 id
391 3075 499 3158 ipsum
514 3075 598 3159 quod
613 3075 757 3157 legatum
773 3079 831 3156 est,
849 3080 887 3139 ut
900 3097 938 3139 ea
952 3077 1088 3159 pecunia

77 3185 116 3226 ex
141 3163 352 3246 stipulatione
376 3163 530 3228 debeatur
554 3165 658 3248 sitque
682 3186 720 3227 ea
742 3186 808 3229 non
832 3164 968 3247 <mortis
990 3184 1086 3227 causa

77 3257 152 3316 cat
197 3301 203 3316 .

114 3274 136 3335 p
174 3251 195 3336 >
333 3346 387 3418 [De
400 3349 494 3402 mortis
512 3363 596 3402 causo
613 3347 828 3417 donationibus]

167 3453 197 3510 4.
227 3452 318 3512 Mucii
341 3456 440 3511 aetate
458 3453 539 3511 filius
557 3452 696 3529 familiae,
720 3472 787 3510 curn
805 3472 842 3510 ne
861 3452 946 3509 miles
964 3451 1084 3526 quidem

76 3541 149 3600 licet
172 3541 354 3617 approbante
373 3544 461 3616 patre
484 3544 701 3604 testamentum
723 3541 825 3641 lacere
845 3544 974 3621 posset,
990 3540 1109 3598 mortua

858 3645 896 3701 ἦ*
