2422 3840
265 193 289 242 7.
314 187 346 254 Q.
364 185 501 242 Muclus
519 188 551 243 P.
569 187 600 242 F.
618 188 647 243 P.
666 186 701 244 N.
721 185 910 243 SCAEVOLA
1045 188 1089 253 53

171 353 271 414 Titius
288 355 401 432 Aristo,
423 355 514 414 Plinii
537 356 658 428 amious,
681 356 837 415 Mucianae
861 356 1008 415 cautionis
1032 358 1091 415 uti-

78 444 202 503 litatem
229 443 377 522 definivit,
405 447 436 504 et
458 443 615 505 Iuventius
639 444 742 505 Celsus
766 436 1036 526 (oos.Ha.129)
1060 445 1092 504 in

77 533 278 610 Digestorum
305 533 390 592 libris
413 532 546 593 Mucium
572 551 787 611 nonnunquam
812 534 927 593 laudat.
971 534 1093 593 Laelius

78 640 152 680 vero
175 621 262 680 Felix
285 626 316 680 et
339 620 370 680 S.
387 621 570 699 Pomponius
595 616 644 680 ‘ad
667 621 699 691 Q.
718 615 862 681 Mucium'
885 622 978 682 libros
1002 623 1093 699 serip-

81 714 197 786 serunt,
220 728 311 787 quam
329 710 442 770 multos
459 711 520 785 ille,
540 711 698 782 nescimus,
717 710 898 786 Pomponius
916 730 977 769 non
994 712 1093 770 minus

81 817 176 875 quam
212 799 340 876 triginta
373 818 489 859 novom.
544 818 581 858 ox
615 799 699 858 illius
735 802 854 858 tantum
888 799 965 859 libro
997 800 1093 876 primo

82 887 201 946 Gellius
222 890 273 966 15,
288 890 328 948 27
352 906 448 964 pausa
470 887 594 965 profert,
617 907 653 947 ex
670 887 827 964 Pomponii
850 888 935 947 libris
955 889 988 946 in
1005 888 1097 962 Iusti--

81 977 166 1036 niani
180 976 306 1054 Digesta
323 976 412 1052 plura
429 977 600 1054 fragmenta
612 979 733 1054 recepta
748 980 818 1036 sunt
832 968 879 1056 (P.
896 972 1092 1054 219-325).

175 1063 303 1125 Secutus
326 1068 374 1124 est
397 1064 499 1140 Gaius,
523 1066 576 1141 qui
597 1065 690 1125 libros
713 1085 749 1125 ex
768 1065 800 1135 Q.
820 1066 918 1125 Muoio
938 1084 968 1125 se
987 1065 1093 1125 feoisse

84 1154 190 1213 scribit
210 1153 285 1213 Inst.
304 1154 327 1230 Ι,
347 1156 408 1213 188
434 1148 492 1235 Cin
515 1154 562 1213 his
585 1154 670 1214 libris
692 1174 767 1231 quos
791 1174 828 1213 ex
850 1154 883 1224 Q.
901 1154 999 1214 Muoio
1023 1154 1093 1213 feei-

83 1237 188 1320 mus’).
235 1261 363 1320 quorum
388 1242 534 1303 librorum
556 1246 713 1320 praeterea
734 1263 771 1302 ne
794 1242 951 1302 minimum
974 1243 1094 1318 quidem

82 1331 248 1410 vestigium
267 1335 419 1392 servatum
432 1332 565 1409 videtum
584 1351 654 1391 nam
668 1331 748 1407 quod
762 1330 914 1408 Boeolring
928 1331 992 1392 Gai.
1008 1331 1052 1390 ed.
1066 1331 1095 1389 V

82 1442 112 1498 p.
135 1420 180 1480 XI
213 1420 351 1498 coniecit,
388 1421 585 1496 Pomponium
618 1439 654 1480 ea
685 1434 760 1499 quae
792 1420 933 1481 vicesimo
966 1420 1094 1480 seeundo

82 1510 160 1569 libro
184 1509 223 1568 ad
245 1509 279 1580 Q.
296 1509 431 1568 Mucium
448 1510 486 1569 D.
505 1512 558 1586 45,
573 1512 601 1585 3,
617 1512 657 1570 39
678 1504 798 1569 ‘Gaium
815 1504 963 1570 nostrum'
983 1509 1093 1568 dixisse

82 1598 194 1672 tradat,
209 1617 245 1657 er
260 1597 317 1658 Gai
330 1597 390 1658 illis
404 1598 489 1657 libris
504 1598 704 1676 desumpsisse
718 1599 840 1675 probari
853 1599 967 1677 nequit.
992 1598 1093 1675 Lenel,

84 1687 136 1763 qni
163 1687 216 1746 ubi
245 1686 291 1746 de‘
307 1685 382 1746 Gaio
410 1688 474 1765 agit
497 1681 544 1768 (P.
564 1679 657 1767 482),
685 1687 887 1747 coniecturam
913 1707 973 1747 non
999 1687 1095 1762 reicit,

82 1776 136 1835 ubi
159 1775 197 1834 do
219 1775 383 1852 Pomponio
407 1776 473 1854 agit
494 1772 542 1855 (P.
563 1772 656 1853 285),
683 1776 774 1835 verba
797 1776 850 1834 illa
872 1794 890 1834 a
914 1775 1094 1835 Triboniano

81 1864 235 1939 adscripta
259 1883 323 1923 osse
346 1866 443 1940 putot.

176 1952 295 2012 Salvius
317 1952 463 2031 Iulianus,
488 1952 540 2030 qui
562 1951 709 2011 Hadriani
731 1952 817 2011 iussu
839 1952 971 2011 edietum
993 1970 1096 2027 perpe-

81 2045 172 2102 tuum
214 2042 395 2119 composuit,
434 2043 466 2100 in
502 2041 696 2118 Digestorum
737 2041 883 2099 librorum
919 2039 1097 2117 fragmentis

83 2131 116 2202 Q.
138 2130 273 2190 Munium
300 2131 346 2190 bis
373 2134 493 2190 tantum
516 2130 630 2188 laudat.
675 2130 838 2189 Venuleius
862 2128 1041 2187 Saturninus
1064 2127 1096 2185 in

83 2219 317 2295 stipulationum
333 2219 419 2278 libris
434 2220 490 2278 sub
504 2219 656 2279 Antonino
671 2219 724 2279 Pio
739 2222 770 2278 et
783 2219 822 2275 M.
837 2217 960 2276 Aurelio
976 2216 1095 2292 seriptis

85 2300 238 2389 (Kruoger
260 2329 288 2384 p.
310 2301 387 2389 180)
411 2309 541 2367 Mucium
565 2311 595 2366 et
618 2309 724 2367 laudat
747 2311 777 2366 et
800 2306 944 2382 sequitur.

117 2392 120 2399 ’
175 2396 249 2455 Cum
277 2394 432 2456 Cervidius
461 2396 617 2474 Scaevola,
644 2397 833 2471 imperatoris
856 2395 949 2454 Marci
976 2394 1093 2453 oonsili-

84 2485 185 2561 arius‚
214 2485 266 2561 qui
289 2489 320 2544 et
343 2484 480 2546 Servium
504 2488 534 2544 et
556 2481 712 2562 Aquilium
734 2485 882 2558 nominat,
909 2483 941 2553 Q.
963 2483 1096 2542 Munium

83 2591 235 2649 nusquam
257 2573 368 2648 laudet,
391 2573 538 2634 Aemilius
561 2573 742 2649 Papinianus
766 2574 903 2632 eumdem
926 2591 984 2631 non
1007 2573 1095 2632 modo

83 2663 116 2721 in
149 2661 236 2721 libris
264 2662 480 2733 Quaestionum
507 2662 617 2722 Severo
649 2663 828 2738 imperatore
862 2661 979 2736 seriptis
1007 2666 1037 2720 et
1063 2661 1095 2719 in

83 2752 308 2826 Responsorum
344 2751 453 2811 Severo
491 2755 522 2810 et
556 2750 714 2810 Caracalla
749 2750 980 2827 imperatoribus
1017 2767 1095 2809 eom·

83 2840 208 2917 positiS,
245 2840 298 2899 sed
333 2841 426 2899 etiam
461 2840 492 2899 in
525 2839 741 2899 Definitionum
772 2840 856 2899 libris
889 2839 1010 2916 allegat.
1065 2838 1096 2896 in

84 2929 214 2988 Domitii
241 2946 360 3006 quoque
392 2928 511 3004 Ulpiani
538 2932 569 2988 et
596 2930 628 2987 in
654 2929 725 2988 Iulii
751 2928 839 2987 Pauli
866 2927 951 2986 libris
977 2926 1095 2986 Mucius

85 3017 206 3093 saepius
234 3016 377 3077 laudatur
404 3036 499 3092 neque
528 3018 625 3076 solum
652 3018 683 3076 in
710 3017 747 3076 iis
775 3035 849 3092 quos
877 3015 915 3075 ad
944 3014 1097 3090 Sabinum,

84 3106 137 3166 sed
169 3105 260 3164 etiam
288 3124 363 3182 quos
391 3105 429 3165 ad
457 3105 589 3165 edietum
613 3107 811 3184 seripserunt,
839 3125 906 3164 oum
930 3104 962 3162 in
984 3103 1099 3162 talibus

84 3194 173 3254 libris
197 3197 268 3253 ante
288 3193 391 3255 Severi
413 3198 550 3272 tempora
572 3195 692 3270 seriptis
717 3194 806 3252 Mucii
824 3212 931 3253 nomen
949 3211 1097 3268 nusquam

85 3283 268 3344 inveniatur.
293 3284 458 3343 notandum
474 3283 601 3359 denique
616 3285 671 3362 est,
685 3282 815 3341 Paulum
829 3283 860 3341 in
873 3281 1097 3357 Responsorum

84 3371 172 3434 libris
200 3372 365 3431 Alexandri
391 3371 494 3431 Severi
525 3363 658 3447 tempore
687 3371 774 3430 editis
803 3370 836 3441 Q.
858 3369 951 3428 Mucii
977 3369 1098 3427 nomine

87 3460 192 3521 eodem
216 3462 304 3520 modo
327 3461 383 3537 uti,
407 3480 465 3536 quo
488 3461 564 3521 iuris
588 3459 722 3523 consulti
742 3459 812 3522 Seii
833 3458 967 3522 esurus
982 3454 1123 3515 nomm-

86 3550 142 3608 bns
169 3549 216 3606 uti
238 3549 350 3608 solent:
375 3569 447 3611 nam
469 3551 507 3613 D.
529 3554 583 3636 33,
600 3557 631 3638 4,
648 3557 691 3618 11
719 3555 768 3618 ait
788 3547 885 3615 ‘Seia
898 3567 987 3611 oum
1005 3537 1152 3603 numerat
