2422 3840
121 162 187 226 404
214 159 288 215 VIII.
304 160 439 216 oornvl
453 158 551 216 SAEU.
562 158 658 214 IURIS
673 158 848 216 CONSULT.
859 158 983 214 SERIES
996 158 1133 213 TERTIA

121 330 220 408 „scine
236 329 386 388 Schriften
406 328 535 387 stbnden
553 328 586 385 in
599 327 753 405 geringem
766 322 934 386 Ansehen“.
965 328 1045 386 inter
1059 329 1133 386 Tre-

121 418 198 477 batii
221 422 251 476 et
274 416 420 475 Hadriani
442 420 578 492 tempora
600 417 789 475 intercedunt
812 419 843 475 et
860 415 1012 475 Antistius
1031 416 1133 476 Labeo

123 512 153 566 et
171 506 322 565 Masurius
342 505 470 564 Sabinus
493 508 524 564 et
541 505 686 563 Proculus
710 507 739 564 et
758 502 888 576 Cassius,
912 523 1039 581 quorum
1061 505 1134 564 libri

122 600 156 655 ut
176 594 313 672 aliorum,
332 613 375 653 en
391 614 434 672 gr.
449 595 498 652 vel
512 593 608 653 Servii
624 593 757 669 Sulpicii,
776 594 819 652 ita
837 596 868 652 et
885 593 1020 653 Trebatii
1038 594 1134 653 libros

123 683 383 743 oblitteraverunt.
424 682 622 742 Tribonianus
645 683 729 741 nullo
749 682 812 740 cius
836 681 913 741 libro
936 700 1009 740 usus
1032 685 1088 741 est.

211 771 253 831 At
267 771 359 830 etiam
372 771 653 830 iurisconsultorum
667 771 845 847 fragmenta,
864 789 940 847 quae
956 770 1135 829 Trebatium

121 860 284 936 nominant,
305 879 374 919 rara
391 860 512 918 tantum
530 859 665 918 referunt
683 858 755 934 quid
769 859 928 918 Trebatius
947 853 1135 935 ‘scripseriffi

123 949 222 1008 omnia
248 948 371 1024 Ulpiani
404 951 474 1007 sunt
505 949 554 1008 vel
586 966 622 1006 ex
653 948 740 1006 libris
773 947 811 1006 ad
840 947 983 1006 Sabinum
1015 948 1065 1008 vel
1097 948 1137 1006 ad

123 1037 253 1097 edictum
293 1037 441 1113 praetoris
483 1037 530 1096 vel
571 1036 607 1094 de
649 1035 747 1095 officio
789 1035 955 1112 quaestoris
993 1036 1137 1111 decerpta

123 1119 310 1204 (Trebatius
332 1118 449 1184 scribit'
474 1125 508 1183 D.
529 1127 602 1201 7,1,
623 1127 684 1201 9‚I
709 1125 787 1184 libro
806 1123 893 1182 XVII
917 1124 955 1182 ad
975 1123 1135 1202 Sabinum,

123 1209 294 1273 ‘Trebatius
318 1256 347 1272 ..
372 1207 487 1273 scribit'
512 1213 547 1272 D.
568 1214 618 1289 33,
640 1216 669 1287 9,
689 1215 718 1290 3,
736 1215 754 1270 2
783 1212 860 1272 libro
878 1212 966 1271 XXII
989 1213 1027 1271 ad
1051 1213 1137 1273 Sabi-

122 1322 208 1374 num,
237 1297 353 1362 ‘scribit
376 1346 405 1361 ..
429 1295 599 1360 Trebatius'
622 1301 660 1360 D.
681 1303 731 1377 19,
748 1306 776 1379 1,
794 1303 844 1379 13,
860 1304 901 1360 22
924 1302 1001 1359 libro
1021 1302 1137 1360 XXXII

124 1392 161 1450 ad
185 1391 329 1465 edictum3
352 1384 444 1466 ‘apud
466 1390 641 1449 Trebatium
664 1390 795 1448 relatum
819 1385 876 1449 est'
894 1389 932 1447 D.
948 1391 998 1466 39,
1015 1392 1043 1464 3,
1060 1392 1136 1466 3pr.

122 1479 200 1538 libro
219 1479 292 1537 LIII
315 1478 353 1537 ad
375 1479 519 1554 edictum,
542 1472 659 1538 ‘Iunius
683 1482 714 1537 et
733 1478 892 1537 Trebatius
915 1481 946 1537 et
964 1477 1137 1538 Fenestella

124 1561 270 1626 scribunt’
293 1566 519 1643 D.1,13,1,l
545 1568 581 1626 de
605 1567 701 1627 officio
725 1558 916 1648 quaestoris).

213 1654 299 1724 Quod
316 1674 387 1715 vero
405 1655 444 1715 D.
460 1658 510 1733 19,
526 1659 554 1730 1,
575 1658 625 1732 13,
641 1658 681 1714 22
701 1655 827 1732 legitur:
851 1649 968 1714 ‘scribit
985 1654 1087 1715 Labeo
1107 1661 1138 1714 01

125 1738 296 1802 Trebatius’
315 1762 374 1803 non
393 1744 493 1803 omnia
507 1743 629 1820 Ulpiani
648 1763 722 1820 esse,
742 1745 794 1803 sed
808 1743 1024 1803 Tribonianum
1043 1744 1138 1804 verba

92 1888 95 1893 .
125 1827 167 1890 ‘et
192 1827 364 1892 Trebatius'
392 1851 428 1891 ex
451 1832 573 1908 Ulpiani
599 1832 759 1909 posteriori
786 1835 920 1891 tractatu
947 1832 1138 1908 negligenter

125 1921 274 1980 addidisse
293 1925 376 1997 puto,
395 1924 430 1980 ut
446 1940 510 1980 rem
523 1917 654 1981 breviter
669 1920 925 1997 complecteretur.
949 1920 986 1979 cf.
996 1921 1032 1979 D.
1045 1922 1096 1999 28,
1108 1925 1138 1998 5,

126 2011 206 2086 13st
228 2005 322 2088 ‘apud
337 2011 464 2069 eundem
478 2002 674 2091 (Labeonem)
690 2010 820 2068 refertur
893 2008 1053 2069 Trebatius
1068 2004 1137 2087 ait',

125 2101 253 2176 47,10,
279 2101 333 2176 17,
354 2101 372 2157 2
402 2093 517 2158 ‘Labeo
546 2099 590 2157 ait
617 2141 678 2158 ...
706 2101 737 2157 et
764 2098 808 2157 ita
830 2097 971 2157 Trebatio
994 2093 1137 2176 placuit'3

125 2187 161 2244 D.
182 2188 232 2263 33,
248 2190 277 2262 9,
292 2188 355 2262 3,2
381 2181 492 2246 ‘Labeo
516 2231 545 2247 ..
569 2187 673 2246 scribit
773 2186 932 2245 Trebatius
957 2229 986 2246 ..
1010 2181 1137 2264 scribit',

126 2293 219 2350 aeque
243 2295 279 2334 ex
301 2274 424 2351 Ulpiani
446 2276 531 2336 libris
554 2276 720 2351 desumpta.

288 2514 328 2573 ΙΙ.
360 2514 408 2572 De
432 2505 674 2592 religionibus
699 2514 786 2572 libri
808 2514 851 2572 IX
875 2506 973 2595 (XI‘?).

215 2646 382 2723 PorphyrIo
400 2648 419 2706 l.
434 2666 471 2706 c:
496 2640 667 2706 ‘Trebatius
742 2647 777 2706 de
795 2647 991 2725 religionibus
1009 2641 1140 2708 novem'.

128 2753 195 2793 cum
227 2735 396 2794 Macrobius
422 2737 454 2812 3,
475 2737 548 2810 3,5
583 2737 730 2794 decimum
761 2736 873 2794 librum
904 2735 1051 2811 nominet,
1084 2742 1141 2795 aut

33 2857 35 2860 >
127 2823 171 2882 XI
193 2842 247 2899 pro
269 2823 313 2882 IX
337 2823 525 2883 scribendum
548 2824 682 2901 videtur,
705 2827 740 2883 ut
763 2825 999 2901 Porphyrionem
1021 2821 1140 2884 e'rrasse

128 2915 310 2984 statuamus,
334 2915 387 2971 aut
411 2913 488 2972 liber
511 2913 643 2981 decimus
668 2913 827 2973 additicius
850 2913 1003 2972 habendus
1027 2916 1082 2972 est.

557 3124 666 3184 Liber
687 3125 711 3184 Ι.

221 3246 248 3310 1.
277 3243 417 3309 Macrob.
441 3247 501 3310 sat.
519 3245 549 3328 3,
568 3244 598 3327 3,
617 3245 646 3310 2.
682 3243 815 3310 Sacrum
839 3249 889 3325 ast,
911 3247 948 3308 ut
968 3244 1141 3310 Trebatius

129 3332 212 3398 libro
236 3333 341 3416 primo
370 3332 408 3397 de
435 3332 645 3418 religionibus
667 3332 781 3416 refert,
808 3334 1034 3419 0010001101,
1061 3336 1144 3418 quod

129 3422 254 3485 deorum
276 3421 410 3486 babetur.

209 3509 240 3572 2,
273 3509 420 3577 Macrob.
444 3513 505 3578 sat.
528 3511 562 3597 3,
580 3512 616 3596 3,
633 3511 664 3575 4.
704 3509 874 3574 Trebatius
903 3509 1075 3595 profanum
1109 3513 1142 3578 id
