2422 3840
367 182 391 230 5.
417 173 664 230 0111011100
683 172 815 229 Tusca·
1021 171 1086 236 403

425 352 560 406 Maadotc'
577 352 618 405 vel
636 355 740 405 0010110.

169 451 220 516 25.
248 451 287 515 D.
308 453 359 534 11,
379 453 408 536 1,
428 452 480 535 22,
501 451 550 515 10.
586 450 707 516 Paulus
727 450 811 515 libro
830 450 1018 535 brigensimo
1038 475 1087 516 se-

79 541 183 606 cundo
208 539 248 604 ad
272 539 412 604 edictum
432 536 485 625 (P.
499 537 590 624 487).
626 538 661 604 Si
682 541 810 604 curator
833 538 989 604 bonorum
1013 562 1087 605 ven·

79 629 234 694 ditionem
258 629 388 713 quidem
411 627 531 709 fecerit,
553 628 722 712 pecuniam
745 631 854 691 autern
873 628 1086 693 creditoribus

79 740 142 783 non
166 718 307 800 solverit,
326 716 497 782 Trebatius
517 714 632 780 Ofilius
651 715 761 780 Labeo
782 716 1017 799 responderunt
1034 717 1086 782 bis

79 807 135 891 qui
157 811 342 891 praesentes
364 806 497 870 fuerunt
519 809 701 888 competere
725 803 876 870 adversus
901 827 973 870 eum
998 828 1086 869 man-

80 896 147 960 dati
171 897 345 979 actionem,
371 894 424 958 his
454 897 561 958 autem
584 893 640 979 qui
664 892 813 958 absentes
835 892 966 958 fuerunt
989 915 1087 978 nego·

79 985 198 1049 tiorum
222 988 387 1069 gestorum
411 984 570 1048 actionem
592 1003 670 1047 esse.

430 1148 475 1203 Dc
492 1150 571 1204 rebus
589 1147 732 1218 publicis?

168 1250 219 1313 26.
251 1248 290 1312 D.
310 1249 362 1330 41,
379 1250 407 1331 1,
424 1250 477 1314 41.
522 1248 681 1333 Ulpianus
709 1249 793 1313 libro
820 1271 906 1313 nono
930 1248 970 1312 ad
994 1247 1086 1314 Sabi-

77 1361 155 1403 nurn
175 1335 224 1424 (P.
238 1335 326 1423 332).
369 1335 499 1403 Statuas
523 1339 558 1402 in
580 1339 710 1403 civitate
733 1337 858 1423 positas
881 1337 999 1402 civium
1021 1360 1087 1402 non

80 1449 164 1511 esse,
190 1427 285 1511 idque
311 1425 481 1492 Trebatius
505 1451 570 1510 ...3
599 1426 675 1491 dare
703 1430 811 1490 temen
840 1447 970 1509 operam
997 1448 1086 1511 prae-

79 1520 182 1581 torem
207 1519 362 1598 oportere,
386 1520 431 1598 ut,
454 1515 538 1600 quod
562 1537 599 1579 ea
617 1518 725 1580 mento
743 1516 777 1578 in
794 1514 924 1599 publico
943 1516 1085 1599 positum

78 1608 142 1686 est,
165 1625 205 1668 ne
228 1604 338 1668 liceret
361 1603 488 1687 privato
513 1604 639 1669 auferre
660 1625 720 1668 nec
744 1604 772 1667 ei
795 1603 850 1687 qui
872 1604 1027 1687 posuerit.

422 1794 468 1853 De
490 1796 601 1853 arbitro
623 1799 740 1868 recepto.

166 1915 217 1977 27.
245 1912 283 1976 D.
304 1913 337 1993 4,
357 1912 391 1994 8,
408 1913 460 1992 21,
482 1915 509 1976 1.
545 1911 705 1998 Ulpianus
731 1913 817 1978 libro
840 1913 937 1978 tertio
962 1913 1084 1977 decimo

78 2002 117 2065 ad
150 2002 289 2065 edictum
316 1996 366 2087 (P.
389 1996 496 2086 45712).
548 1999 583 2064 Si
615 2003 735 2066 arbiter
767 2002 813 2065 ita
844 2001 1086 2086 pronuntiasset

76 2090 158 2153 nihil
188 2089 287 2152 videri
314 2088 435 2153 Titium
464 2089 579 2153 debere
608 2087 696 2154 Seio:
723 2091 853 2154 tametsi
884 2088 991 2154 Seium
1018 2111 1086 2154 non

77 2177 232 2240 vetuisset
254 2181 372 2261 petere,
394 2181 504 2243 tamen
526 2177 555 2242 si
579 2177 656 2263 quid
678 2179 825 2264 petisset,
849 2178 950 2243 videri
972 2182 1085 2243 contra

78 2266 271 2329 sententiam
299 2266 415 2331 arbitri
442 2267 569 2348 fecisse,
597 2272 630 2331 et
656 2268 689 2330 id
713 2265 826 2331 Ofilius
855 2272 887 2331 et
912 2266 1085 2332 Trebatius

76 2353 320 2436 responderunt.
366 2437 369 2443 1

500 2447 659 2454 --

167 2553 252 2623 Quod
275 2554 456 2631 Pomponius
479 2553 558 2630 §45
584 2557 639 2616 aitz
663 2551 809 2627 ‘Trebatii
837 2556 1005 2632 complures
1029 2548 1084 2637 (sc.

77 2643 148 2701 libri
184 2636 343 2722 exstant)',
379 2646 411 2702 et
446 2644 640 2704 confirmatur
671 2648 702 2704 et
734 2645 901 2722 explicatur
932 2645 975 2704 eis
1007 2663 1083 2720 quae

76 2727 244 2808 Porphyrio
268 2725 321 2810 (ad
344 2731 449 2791 Horat.
472 2752 558 2793 serm.
584 2726 672 2813 a,1)
700 2734 806 2793 tradit:
835 2729 965 2811 ‘aliquot
991 2732 1083 2793 libros

78 2820 112 2878 (10
141 2820 221 2880 cirili
249 2821 314 2878 iure
342 2822 509 2897 composuit
536 2828 567 2881 et
594 2822 630 2881 de
657 2822 852 2900 religionibus
878 2816 1005 2883 novem'.
1051 2826 1084 2880 at

76 2909 224 2985 quomodo
251 2911 343 2970 verba
371 2904 502 2987 ‘aliquot
528 2910 621 2970 libros
648 2910 685 2970 (10
713 2911 794 2972 civili
816 2912 882 2969 iure
905 2903 1083 2986 composuit'

76 2997 273 3073 intelligenda
296 2997 368 3074 sint,
397 2999 432 3057 de
460 3018 495 3058 eo
518 2998 650 3058 dubitari
672 3002 780 3075 potest.
825 3019 885 3058 non
907 3005 970 3058 tam
994 2997 1083 3056 libro-

78 3105 146 3144 rum
168 3087 300 3162 titulum,
324 3105 413 3162 quam
434 3087 535 3162 potius
554 3093 732 3165 argumenta
751 3088 830 3147 tradi
847 3086 1008 3148 verisimile
1028 3089 1083 3162 est,

76 3175 128 3232 sed
155 3178 257 3233 utrum
285 3195 379 3233 unum
406 3194 478 3250 opus
507 3195 546 3234 an
573 3177 738 3252 compluria
765 3194 856 3252 opera
881 3176 1083 3252 designentur,

75 3262 256 3340 ignoramus.
297 3264 436 3339 Kruegor
457 3284 485 3340 p.
502 3266 542 3324 68
566 3283 595 3325 n.
608 3267 661 3324 19.
703 3265 753 3343 qui
776 3283 824 3324 res
847 3265 927 3340 ipsas
951 3262 1082 3322 consida-
1145 3320 1150 3337 ,

76 3352 200 3426 raverit,
229 3353 319 3427 plura
345 3371 435 3428 opera
462 3353 499 3412 (10
526 3353 591 3413 iure
615 3353 735 3429 privato
759 3353 909 3431 designari
930 3350 1082 3410 iudicabit.

166 3440 252 3510 Quod
270 3441 451 3517 Pomponius
474 3442 494 3500 l.
517 3460 541 3501 c.
564 3441 661 3502 addit:
685 3436 749 3503 ‘sed
771 3442 869 3500 minus
892 3441 1082 3518 frequentan-

75 3522 147 3607 tur',
170 3529 287 3588 Puchta
309 3531 382 3590 Inst.
406 3527 426 3605 ἓ
451 3532 491 3591 97
519 3551 578 3592 non
601 3535 681 3592 recte
708 3532 752 3592 sic
779 3531 1008 3604 interpretatus
1035 3529 1103 3579 ssu·-

834 3627 895 3683 ab*
