2422 3840
112 145 176 211 174
202 144 258 214 vl.
283 143 416 200 OCTAVI
436 144 533 202 SAEG.
551 145 646 200 IURIS
664 145 838 204 CONSULT.
856 147 983 205 SERIES
1001 149 1120 206 PRIMA

109 331 190 392 eam,
219 308 248 372 si
270 307 366 373 modo
390 307 498 393 aliquo
522 307 627 375 officio
651 311 755 373 virum
774 309 914 390 adiuvet,
936 312 1016 377 item
1038 313 1122 378 lani-

110 398 187 464 ficas
215 419 296 482 quae
324 396 482 464 familiam
510 397 665 462 rusticam
692 399 849 484 vestiunt,
877 404 911 464 et
938 422 1021 485 quae
1049 404 1120 486 pul·

108 487 268 552 menteria
290 486 419 552 rusticis
443 489 592 570 coquant.

196 573 259 640 Sed
287 598 328 640 an
356 575 565 639 instrumenti
586 575 837 640 instrumentum
861 577 973 660 legato
996 579 1119 644 instru-

107 669 218 731 mento
234 664 426 747 continetur,
441 663 616 747 quaeritur:
630 663 710 728 baec
719 665 814 746 enim,
826 687 908 750 quae
918 667 1117 732 rusticorum

107 776 204 820 causa
217 757 373 837 parantur
387 752 545 833 [lanificae
560 756 593 816 et
607 753 701 816 lanae
716 757 748 817 et
762 757 910 818 tonsores
924 758 959 819 et
973 754 1118 821 fullones

107 847 141 908 et
161 843 327 925 focariae],
349 862 415 905 non
438 841 509 924 agri
531 844 608 904 sunt
629 840 890 923 instrumentum,
917 843 975 907 sed
999 843 1118 909 instru-

105 933 216 996 menti.
261 935 341 1016 puto
367 929 467 1014 igitur
495 929 592 994 etiam
619 929 774 994 focariam
801 931 975 996 contineri:
1004 933 1118 998 sedet

105 1020 251 1085 lanifiees
273 1024 309 1091 et
332 1022 470 1102 ceteros,
497 1019 552 1103 qui
575 1039 673 1100 supra
696 1020 875 1083 enumerati
899 1023 989 1085 sunt:
1013 1026 1048 1085 et
1070 1022 1115 1085 ita

105 1105 250 1174 Servium
275 1107 479 1192 respondisse
503 1105 663 1171 auditores
687 1107 755 1170 eius
779 1107 932 1172 referunt.

192 1199 246 1263 21.
277 1195 317 1263 D.
335 1196 388 1278 50,
405 1196 454 1274 16,
472 1197 490 1260 7
495 1198 524 1261 7.
563 1193 655 1258 Idem
677 1193 830 1283 (Paulus)
852 1195 937 1262 libro
960 1199 1115 1281 quinqua·

104 1287 249 1372 gensimo
276 1307 362 1350 nono
390 1285 430 1349 ad
458 1285 599 1349 edictum
625 1280 675 1371 (P.
700 1281 787 1370 715).
832 1284 1027 1350 ‘Fructum’1
1054 1310 1114 1373 pro

103 1373 209 1438 reditu
238 1374 407 1457 appellari,
438 1394 504 1437 non
532 1373 636 1437 solum
664 1371 741 1457 <qui
769 1373 830 1456 er>
856 1372 1030 1441 frumentis
1059 1381 1116 1443 aut

104 1462 322 1546 leguminibus
418 1460 564 1526 Iulianus
589 1461 709 1525 scribit.
745 1461 854 1546 fruges
880 1484 993 1528 omnes
1017 1465 1115 1550 <res>

104 1572 173 1615 esse
196 1551 311 1635 quibus
336 1551 433 1615 homo
457 1553 619 1632 vescatur,
645 1549 764 1614 falsum
789 1572 858 1615 esse
957 1551 1114 1619 ‘frumen-

102 1637 184 1704 tum'
205 1643 312 1703 autem
330 1639 363 1703 id
382 1660 462 1722 esse,
480 1639 565 1723 quod
580 1639 679 1702 arista
693 1661 728 1703 se
742 1642 860 1720 teneat,
878 1644 963 1704 recte
979 1639 1115 1707 Gallum

103 1727 267 1812 definisse,
281 1727 427 1812 lupinum
441 1749 520 1792 vero
533 1730 566 1790 et
579 1727 689 1791 fabam
703 1727 813 1814 fruges
826 1729 935 1811 potius
949 1729 1020 1813 dici,
1037 1731 1115 1816 quia

101 1838 167 1881 non
191 1816 301 1900 arista,
325 1817 381 1881 sed
400 1817 519 1901 siliqua
537 1817 750 1898 continentur,
773 1839 856 1902 quae
875 1815 1005 1882 Servius
1026 1820 1114 1905 apud

51 1942 53 1946 ,
101 1903 256 1970 Alfenum
279 1906 314 1970 in
335 1906 499 1970 frumento
522 1904 680 1969 contineri
702 1909 806 1988 putat.

189 1995 241 2060 22.
272 1994 313 2060 D.
333 1995 390 2077 33,
410 1996 439 2077 l,
460 1994 501 2059 12
515 2015 564 2077 pr.
599 1991 761 2077 Ulpianus
784 1994 868 2058 libro
892 1995 1047 2060 vicesimo
1071 1997 1113 2061 ad

101 2080 256 2147 Sabinum
285 2081 336 2168 (P
355 2080 465 2170 2609).
518 2081 705 2158 Quaesitum
736 2085 798 2160 est,
831 2105 873 2147 an
901 2082 1112 2171 frumentum,

101 2172 186 2255 quod
218 2173 348 2237 cibariis
381 2173 540 2237 cultorum
573 2174 723 2253 paratum
754 2169 852 2254 foret,
890 2170 1111 2239 instrumento

48 2302 49 2305 =
101 2265 226 2325 cederet
244 2309 295 2326 ...
316 2282 376 2346 ego
395 2263 475 2344 puto
495 2263 528 2323 et
544 2258 741 2323 frumentum
757 2267 790 2322 et
803 2259 915 2324 vinum
931 2261 972 2325 ad
987 2262 1111 2327 cibaria

99 2353 250 2432 paratum
269 2351 484 2413 instrumento
505 2348 676 2412 contineri:
700 2351 733 2411 et
751 2349 798 2411 ita
812 2345 958 2414 Servium
978 2371 1111 2436 respon-

100 2437 186 2500 disse
210 2437 373 2502 auditores
397 2438 465 2501 eius
489 2436 641 2502 referunt.

304 2556 307 2562 7
385 2562 429 2630 De
445 2576 530 2643 fundi
547 2576 709 2643 ususfructrc
728 2577 822 2646 leuato.

186 2667 251 2731 23?
281 2666 320 2731 D.
339 2667 396 2752 33,
414 2668 448 2746 2,
473 2667 524 2732 12.
565 2666 701 2732 Alfenus
725 2666 834 2732 Varus
858 2668 942 2733 libro
967 2670 1108 2734 secundo

97 2755 307 2839 Digestorum
331 2778 350 2820 a
373 2756 475 2821 Paulo
499 2757 749 2840 epitomatorum
773 2753 823 2843 (P.
837 2757 904 2842 40).
943 2756 1049 2822 Heres
1072 2758 1108 2822 in

97 2843 206 2929 fundo,
220 2844 310 2909 cuius
325 2867 402 2909 usus
416 2845 539 2910 fruetus
553 2844 683 2930 legatus
699 2849 757 2929 est,
770 2845 882 2910 villam
896 2846 1019 2929 posuit:
1036 2868 1107 2911 eam

96 2932 200 2997 invito
232 2932 411 2999 fructuario
445 2933 598 2998 demolire
625 2955 691 2997 non
718 2938 828 3018 potest
856 2934 973 3017 [nihilo
1002 2935 1107 3019 magis

95 3044 192 3106 quam
213 3022 249 3103 si,
268 3044 364 3106 quam
384 3023 532 3087 arborem
552 3023 723 3106 posuisset,
743 3044 782 3086 ex
801 3022 901 3088 fundo
921 3024 949 3087 is
968 3024 1106 3088 evellere

96 3112 224 3192 vellet]:
256 3111 311 3175 sed
345 3110 373 3176 si
406 3121 578 3195 antequam
606 3110 864 3175 usufructuarius
893 3112 1107 3196 prohibuerit,

96 3199 288 3285 demolierit,
311 3201 440 3285 impune
464 3200 634 3264 facturum.

182 3311 294 3371 Utrum
312 3310 410 3371 Servii
429 3329 467 3368 an
481 3308 584 3392 Alfeni
603 3327 780 3384 responsum
805 3310 914 3388 subsit,
937 3311 969 3369 in
993 3311 1106 3371 incerto

92 3400 283 3476 relinquitur.

163 3521 176 3566 1
198 3515 233 3571 F.
254 3515 375 3585 frugem.
