2422 3840
103 113 168 176 226
205 113 252 168 Vl.
274 111 407 168 OCTAVI
425 111 523 168 SAEC.
543 112 641 168 IURIS
661 111 832 168 CONSULT.
853 112 1117 170 6166616166

399 281 452 341 VI.
475 282 524 340 De
549 282 695 341 dotibus
719 281 821 340 liber.

192 387 308 448 Gellius
323 390 352 466 4,
363 391 392 466 3,
404 391 431 447 2.
443 390 503 464 4,4
526 388 622 448 Servii
641 388 768 464 Sulpicii
785 388 896 447 librum
915 383 1017 465 ‘quem
1037 408 1117 449 com-

103 478 206 553 posuit
228 477 264 535 de
288 471 422 537 dotibus'
449 477 499 536 vel
527 471 628 554 ‘quem
651 476 772 552 scripsit
794 477 831 536 de
855 470 988 536 dotibus'
1011 479 1118 538 laudat

103 569 133 625 et
156 566 299 625 Neratius
317 566 353 625 D.
371 567 421 643 12,
441 568 506 644 4,8
532 566 587 624 ait:
621 559 755 625 ‘Servius
777 565 810 623 in
832 565 910 626 libro
934 565 971 624 de
995 566 1117 627 dotibus

101 649 232 715 scribit'.
286 655 318 713 in
349 655 523 714 memoriam
551 654 710 716 revocandi
738 657 810 714 sunt
845 657 876 714 et
905 654 1117 715 Atellanarum

100 744 185 802 tituli
214 737 363 803 ‘Dotalis'
392 747 423 803 et
451 737 599 803 ‘Dotata'
627 736 776 824 (Ribbeck
799 742 1009 802 Scaenicorum
1032 745 1117 805 Rom.

101 825 389 911 116661611611111111
410 853 440 908 p.
456 823 587 913 231sq.)
611 834 642 891 et
664 832 704 891 M.
724 830 845 890 Catonis
869 831 1021 892 orationes
1042 851 1115 911 quas

101 921 209 981 habuit
237 921 272 979 (16
301 922 370 980 dote
399 913 490 1000 (Geli.
513 923 567 996 10,
587 913 643 1000 23)
676 924 707 980 et
734 939 803 979 cum
825 919 992 981 Voconiam
1018 923 1117 1001 legem

102 1011 251 1070 suadebat
269 1001 360 1090 (Gall.
377 1012 427 1088 17,
444 1001 486 1090 6).
518 1012 588 1085 post
607 1009 744 1068 Servium
768 1009 952 1086 scripserunt
970 1010 1115 1070 Neratius

100 1099 221 1158 Priscus
245 1099 281 1157 de
304 1099 418 1174 nuptiis
442 1090 535 1179 (Gell.
550 1100 580 1174 4,
594 1091 640 1178 4),
664 1097 770 1174 Gaius,
793 1106 829 1157 ut
850 1098 981 1173 videtur,
1005 1100 1042 1158 de
1066 1100 1116 1159 do-

100 1187 182 1247 tibus
207 1179 311 1269 (index
334 1188 412 1246 enim
431 1189 588 1246 auctorum
608 1189 715 1261 20,12
736 1181 911 1246 ‘dotalicion
929 1186 1051 1266 βιβλίον
1069 1181 1116 1247 ἕν’

98 1270 259 1356 nominat),
278 1277 391 1335 Paulus
411 1275 447 1334 (16
466 1276 544 1335 (16116
563 1275 740 1350 repetitione
761 1267 811 1357 (D.
823 1277 875 1353 50,
887 1279 938 1354 17,
949 1279 991 1336 68
1006 1276 1041 1335 Ρ.
1053 1274 1116 1354 81),

101 1364 250 1441 Ulpianus
278 1365 314 1424 de
342 1364 531 1440 sponsalibus
555 1360 606 1441 (D.
626 1367 678 1439 23,
698 1369 725 1438 1,
747 1366 837 1441 2,12
862 1364 894 1423 Ρ.
915 1359 1117 1445 2993-94),

100 1453 288 1513 Modestinus
307 1454 343 1512 de
362 1453 531 1512 differentia
549 1453 628 1512 dotis
643 1447 689 1531 (P.
707 1445 740 1532 1)
760 1456 790 1512 et
809 1453 845 1512 de
864 1453 928 1512 ritu
940 1454 1118 1528 nuptiarum

102 1535 150 1621 (P.
171 1533 259 1622 347).
297 1560 371 1618 quos
389 1542 464 1600 iuris
484 1542 635 1601 consultos
655 1541 753 1601 Servii
770 1541 848 1601 libro
866 1560 937 1601 usos
956 1560 1021 1602 6666
1041 1544 1117 1604 veri·

101 1631 199 1689 simile
218 1635 273 1692 est.
304 1630 448 1690 Neratius
461 1631 583 1690 Priscus
602 1634 682 1689 certe
701 1649 761 1690 non
779 1630 867 1689 modo
886 1630 918 1689 in
935 1631 1013 1691 libro
1029 1652 1117 1709 quem

102 1719 139 1777 (16
162 1719 276 1795 nuptiis
301 1720 474 1797 composuit,
498 1738 533 1779 66
556 1720 634 1779 libro
658 1737 730 1779 usus
754 1721 801 1778 est
823 1713 914 1798 (Gell.
934 1722 964 1796 4,
983 1722 1014 1796 4,
1035 1723 1064 1798 3,
1084 1723 1117 1780 4:

102 1803 171 1868 thoc
247 1808 320 1867 dicit
334 1808 455 1869 Servius
528 1809 602 1867 haec
622 1809 725 1867 eadem
739 1808 882 1867 Neratius
902 1808 1025 1883 scripsit
1042 1805 1119 1886 ...'),

102 1897 156 1956 sed
183 1897 274 1956 etiam
301 1897 333 1956 in
356 1898 599 1956 Membranarum
624 1898 703 1956 libro
727 1897 857 1955 secundo
881 1888 931 1978 (D.
953 1901 1004 1971 12,
1025 1900 1054 1971 4,
1076 1891 1117 1975 8).

101 1986 285 2061 posteriores
307 1986 381 2044 iuris
404 1986 534 2045 consulti
556 1986 658 2062 potius
676 1985 795 2044 Neratii
814 2005 904 2062 quam
924 1985 1022 2046 Servii
1041 1987 1118 2046 libro

101 2076 150 2134 usi
173 2094 238 2135 esse
261 2075 390 2151 putandi
412 2079 491 2134 sunt.

192 2163 313 2224 Servius
332 2165 396 2239 ipse
415 2164 544 2222 fortasse
558 2162 703 2222 Varronis
722 2162 835 2221 auxilio
853 2180 927 2222 usus
943 2165 1002 2222 est:
1021 2163 1121 2223 Varro

103 2252 183 2310 enim
210 2253 287 2311 libro
317 2255 400 2311 sexto
430 2252 466 2311 de
494 2252 598 2329 lingua
625 2251 736 2310 Latina
763 2251 800 2310 dc
828 2251 1019 2326 sponsalibus
1045 2252 1122 2311 dixit

104 2331 218 2421 (Bruns
232 2340 264 2398 11
286 2360 314 2415 p.
331 2342 371 2400 58
384 2333 450 2419 sq).
492 2341 528 2398 de
553 2341 729 2399 commercio
749 2340 947 2416 epistolarum
969 2341 1122 2401 intereos

103 2431 296 2505 frequentato
320 2446 411 2504 supra
433 2448 460 2503 p.
482 2432 545 2489 140
568 2429 707 2489 vidimus.

473 2571 521 2629 De
550 2571 742 2644 sponsalibus.

194 2671 221 2734 1.
249 2669 332 2735 Gell.
346 2671 377 2752 4,
391 2670 421 2736 4.
455 2668 627 2755 Sponsalia
649 2672 684 2734 in
707 2692 744 2734 ea
767 2673 861 2754 parte
885 2670 1010 2755 Italiae,
1038 2697 1121 2759 quae

102 2759 235 2823 Latium
267 2760 463 2844 appellatur,
495 2760 557 2825 hoc
584 2782 673 2823 more
699 2763 797 2844 atque
825 2760 895 2823 iure
923 2761 1021 2825 solita
1050 2764 1121 2827 fieri

103 2849 235 2931 scripsit
258 2847 386 2913 Servius
411 2847 571 2932 Sulpicius
600 2850 635 2912 in
657 2849 756 2926 libro,
789 2870 885 2932 quern
908 2848 1121 2936 <in>scripsit

102 2938 140 3001 de
165 2936 308 3002 dotibus:
332 2936 411 3018 ‘Qui
432 2937 581 3020 uuorem',
603 2937 721 3021 inquit,
745 2935 904 3002 ‘ducturus
921 2943 997 3017 crat,
1020 2940 1060 3005 ab
1079 2962 1121 3020 66,

100 3028 182 3091 uude
208 3028 346 3092 ducmda
373 3031 453 3111 6161,
479 3027 699 3109 stipulabatur,
727 3046 795 3090 eam
824 3027 858 3090 iu
880 3029 1120 3094 matrimonium

100 3114 231 3197 <datum
253 3117 312 3192 iri;
334 3117 389 3199 qui
411 3117 542 3180 daturus
564 3120 638 3199 erat,
661 3116 696 3179 id
717 3116 813 3179 eidem
830 3116 1005 3197 spondebat.
1046 3120 1120 3183 item

100 3206 156 3285 qui
181 3225 308 3269 6161616
330 3206 460 3269 daturus
483 3209 562 3287 crat,
590 3203 629 3267 ab
651 3224 706 3286 66,
724 3205 775 3268 cui
797 3224 865 3268 eam
887 3207 1021 3272 daturus
1044 3213 1120 3291 crat,

101 3293 322 3377 stimulabatur,
353 3315 421 3357 eam
450 3295 485 3357 iu
517 3290 791 3376 matrimonium>1
818 3294 942 3358 ductum
974 3296 1032 3381 iri,
1064 3299 1119 3379 qui

137 3490 161 3537 y
158 3421 189 3538 81
208 3415 342 3484 suppleuit
356 3415 506 3470 Mommseu
520 3416 552 3469 ia
568 3414 658 3485 Symb.
673 3414 1019 3487 Bctbmauuo-Hollweaio
1035 3419 1119 3473 oblat.

81 3501 118 3550 p.
177 3526 185 3539 .
