2422 3840
388 189 413 239 3.
438 181 470 248 Q
485 181 613 237 AELIUS
633 179 780 236 TUBERO
911 221 914 226 .
1023 179 1087 243 367

168 351 351 410 Iudiciorum
368 350 557 427 privatorum
576 349 680 409 ordine
699 349 853 408 sublatos
839 348 929 407 etiam
947 348 1017 408 libri
1036 350 1088 427 qui

78 441 184 500 iudicis
209 439 377 499 officiumt
364 438 579 514 tsractabant
571 458 603 497 1n
624 456 684 497 usu
706 456 771 497 esse
795 437 956 497 desierunt.

268 634 324 694 ΠΙ.
355 635 405 693 De
429 633 556 694 officio
580 632 765 693 senatorio
788 630 896 692 libri?

169 759 336 818 Tuberonis
359 759 529 837 fragmenta
552 758 699 834 quaedam
716 757 787 816 33133
807 756 976 834 argumenti
994 757 1088 819 libros

79 848 143 907 eius
166 849 259 907 fuisse
277 847 387 907 indicio
411 855 490 907 sunt.
527 846 642 907 accedit
665 844 744 923 qnod
766 843 874 905 Ateius
899 843 1014 922 Capito,
1036 848 1089 923 qui

79 937 246 996 Tuberonis
262 936 441 996 sententiam
454 936 547 995 refert
561 926 604 1017 (v.
614 927 717 1016 infra),
731 935 808 994 banc
822 933 1088 994 Coniectaneorum

78 1025 154 1083 libro
183 1026 218 1085 de
247 1026 346 1085 officio
371 1024 534 1101 senatorio,
561 1028 597 1084 nt
620 1024 752 1101 videtur,
780 1022 923 1098 inscripto
949 1025 1088 1101 protulit.

78 1114 116 1172 cf.
134 1114 294 1173 Iustiniani
316 1113 511 1192 Digestorum
533 1113 657 1172 titulum
681 1105 730 1172 ‘dc
753 1106 953 1172 senatoribus'
978 1107 1023 1192 (1,
1043 1105 1087 1196 9).

78 1202 153 1366 ἱὲ3333
177 1222 247 1262 vcro
264 1203 384 1350 (publici
407 1202 500 1262 libros
519 1202 709 1261 Tuberonem
728 1200 887 1278 reliquisse
905 1201 1088 1278 Pomponius

116 1293 158 1350 46
182 1292 263 1351 tradi
283 1292 317 1351 it.

168 1403 196 1465 1.
224 1400 305 1466 Cell.
326 1403 377 1487 14,
396 1403 425 1486 7,
445 1402 496 1466 13.
529 1449 582 1468 ...
606 1400 691 1486 quod
711 1400 759 1464 ait
776 1397 921 1485 (Varro),
943 1406 1087 1466 senatus·

79 1490 260 1554 consultum
289 1491 413 1557 duobus
441 1489 545 1556 modis
573 1489 643 1554 fieri
666 1489 782 1553 solere:
811 1490 868 1554 333
896 1488 1086 1574 conquisitis

79 1579 247 1643 sententiis
272 1583 328 1644 333
346 1601 404 1663 per
423 1579 660 1660 discessionem,
679 1599 794 1661 parum
814 1577 982 1642 convenire
1001 1579 1087 1644 vide-

78 1672 132 1731 tur
159 1688 231 1732 oum
259 1690 297 1734 eo
322 1668 406 1752 quod
428 1667 544 1732 Ateius
568 1665 686 1752 Capito
708 1667 744 1730 in
767 1665 991 1731 Coniectaneis
1014 1668 1088 1732 reli-

79 1756 156 1839 quit.
201 1779 277 1820 nam
301 1757 335 1820 in
357 1756 441 1821 libro
462 1754 562 1821 VIIII
585 1755 789 1820 Tuberonem
812 1754 916 1820 dicere
939 1757 995 1836 ait,
1016 1757 1088 1821 nul-

79 1845 146 1909 lum
162 1845 478 1911 senatusconsultum
493 1843 564 1909 fieri
581 1865 677 1927 posse
695 1864 762 1907 non
781 1843 978 1909 discessione
991 1845 1088 1928 facta,

79 1934 154 2017 quia
176 1935 210 1997 in
234 1934 385 1999 omnibus
409 1933 715 2015 senatusconsultis,
742 1931 842 1997 etiam
864 1933 898 1996 in
921 1933 976 2015 iis,
1005 1955 1088 2018 quae

78 2044 135 2106 per
158 2023 346 2086 relationem
368 2022 497 2103 fierent,
522 2021 675 2086 discessio
699 2031 785 2086 33333
808 2021 998 2086 3333333333.

168 2111 197 2173 2.
226 2109 308 2174 Gell.
329 2112 383 2193 14,
403 2111 437 2194 8,
456 2110 486 2176 2.
536 2109 578 2175 M.
602 2159 636 2174 ..
659 2108 765 2174 Varro
788 2159 819 2174 ..
842 2113 875 2174 et
892 2110 1008 2175 Ateius
1028 2108 1086 2176 Ca·

78 2197 148 2280 pito
171 2198 204 2260 in
224 2196 515 2265 Coniectaneorum
533 2196 633 2264 VIIII
654 2197 706 2262 ius
729 2219 799 2263 esse
818 2198 979 2281 praefecto
999 2194 1088 2286 (urbi

78 2286 232 2350 feriarum
259 2287 449 2355 Latinarum
481 2309 579 2353 causa
610 2284 738 2373 relicto)
770 2290 917 2351 senatum
948 2287 1088 2352 habendi

80 2374 203 2459 dicunt,
231 2375 334 2460 deque
361 2397 399 2441 ca
423 2399 458 2441 re
482 2375 651 2441 adsensum
675 2396 745 2440 esse
768 2372 883 2460 Capito
912 2377 1087 2442 Varronem

80 2463 243 2527 Tuberoni
267 2467 379 2530 contra
402 2464 593 2530 sententiam
615 2463 700 2529 Iunii
723 2463 831 2529 refert

224 2664 276 2725 IV.
304 2665 415 2724 Plane
438 2665 571 2725 incerti
595 2664 802 2743 argumenti
825 2683 940 2741 opera.

167 2789 362 2867 Reliquorum
387 2783 472 2850 ‘iuris
495 2789 609 2867 publici
632 2792 663 2848 et
685 2781 808 2864 privati'
831 2789 978 2849 librorum
998 2808 1086 2867 argu·

78 2880 238 2936 montane
262 2879 440 2938 coniecturis
464 2879 584 2957 quidem
608 2877 728 2954 assequi
750 2896 917 2954 possumus.
959 2878 1087 2937 fortasse

77 2966 154 3025 liber
181 2966 220 3024 ad
247 2964 278 3026 C.
303 2965 434 3043 Oppium
466 2967 596 3043 scriptus
627 2959 717 3045 (dell.
738 2969 771 3044 6,
791 2969 824 3043 9,
846 2959 899 3046 11)
933 2967 989 3032 hoc
1020 2966 1086 3026 loco

78 3056 277 3114 nominandus
292 3059 350 3131 est;
364 3056 512 3115 incertum
525 3055 605 3115 enim
617 3054 808 3132 relinquitur,
821 3057 923 3112 utrum
937 3053 971 3124 Q.
980 3054 1087 3114 Aelius

79 3143 218 3202 3331333
241 3143 360 3204 Tubero
384 3163 453 3204 eum
476 3144 638 3221 scripserit.

167 3251 249 3316 Gell.
274 3255 307 3338 7,
326 3255 360 3338 9,
382 3256 432 3320 11.
474 3255 665 3320 Aelium..
692 3251 895 3318 Tuberonem
930 3252 1013 3315 libro
1046 3251 1086 3315 ad

79 3338 113 3405 C.
120 3341 271 3494 ‘tOppium
294 3304 414 3446 scriptu
437 3340 673 3409 occccurrerit'
696 3341 863 3426 scripsisse
881 3339 1007 3406 Probus
1031 3340 1087 3404 ad·

77 3436 136 3494 not
138 3433 245 3494 avite
228 3431 412 3496 ethaeo
385 3454 453 3498 ems
477 3432 575 3496 verba
598 3430 762 3515 apposuit:
735 3429 828 3497 tsi·
847 3429 1000 3515 pecoralis
1021 3449 1086 3511 spe·

76 3519 137 3583 cies
158 3523 360 3586 occecurrcrit

502 3613 665 3621 -ο-
