2422 3840
104 134 144 198 78
180 135 228 190 IV.
252 134 399 189 SEPTlMl
413 133 511 190 SAEC.
525 133 620 189 IURIS
633 132 807 190 CONSULT.
823 133 949 189 saulus
964 133 1110 189 ALTERA

192 297 242 362 16.
272 296 308 361 D.
325 297 489 381 34,2,34,
505 300 533 362 1.
567 297 763 382 Pomponius
783 296 861 362 ibid.
893 296 976 361 Item
996 297 1111 362 scribit

101 384 240 461 Quintus
263 385 401 450 Mucius:
430 387 458 450 si
486 387 622 450 maritus
648 386 741 450 uxori
765 408 837 451 eum
861 385 996 450 haberet
1018 387 1109 471 quin-

101 496 162 558 que
180 473 286 560 pondo
307 474 386 556 auri,
404 475 545 558 legasset
563 475 611 539 ita
630 474 756 538 ‘aurum
774 474 984 559 quodcunque
999 476 1111 539 uxoris

101 585 198 627 causa
212 567 361 648 paratum
376 568 468 648 esset,
482 564 530 627 uti
545 564 636 633 heres
650 563 742 635 uxori
758 562 868 641 daret,’
883 563 1011 628 etiamsi
1025 563 1113 628 libra

101 653 169 715 auri
201 651 275 716 inde
304 653 444 717 venisset
471 655 504 717 et
531 653 645 718 mortis
673 658 817 736 tempore
844 651 984 736 amplius
999 674 1111 736 quam

99 744 252 825 quattuor
276 741 380 806 librae
402 764 468 806 non
491 741 783 824 deprehenduntur,
810 742 844 804 in
866 741 944 805 totis
968 741 1113 826 quinque

100 829 193 894 libris
220 830 371 894 heredem
393 851 462 894 esse
487 830 667 915 obligatum
692 825 858 916 [quoniam
882 831 1036 894 articulus
1062 839 1115 894 est

99 919 277 1001 praesentis
300 919 457 1003 temporis
481 918 790 983 demonstrationem
810 919 842 981 in
862 939 896 982 se
915 918 1111 1000 continens}

188 1021 385 1097 Pomponium
413 1023 454 1080 sic
481 1021 634 1096 scripsisse
661 1024 748 1097 puto:
777 1021 802 1080 si
828 1020 956 1080 maritus
979 1064 1008 1080 ..
1032 1021 1110 1080 obli·

100 1113 205 1187 gatum
223 1109 353 1180 Quintus
371 1110 488 1169 Mucius
513 1109 624 1169 scribit.
667 1111 702 1168 de
723 1113 869 1168 commate
887 1111 974 1169 uncis
993 1109 1112 1170 incluso

13 1242 15 1246 ,
99 1218 126 1258 v.
146 1197 333 1258 Gradenwitz
358 1199 388 1257 Z.
408 1200 434 1257 d.
455 1198 646 1277 Savigny·St.
668 1198 748 1272 XIV,
769 1201 840 1258 115.

70 1349 72 1353 -
190 1301 239 1365 17.
269 1299 306 1363 D.
327 1301 379 1381 34,
393 1303 423 1376 2,
438 1301 489 1381 34,
504 1302 533 1363 2.
564 1298 761 1383 Pomponius
785 1298 861 1362 ibid.
893 1298 987 1375 Quod
1011 1300 1038 1363 si
1062 1302 1110 1365 ita

98 1390 239 1472 legasset
261 1389 354 1452 uxori
377 1389 501 1452 ‘aurum
529 1389 615 1472 quod
639 1390 708 1452 eius
731 1409 829 1453 causa
853 1391 1001 1470 paratum
1025 1387 1112 1474 erit'‚

97 1481 177 1540 tunc
293 1477 404 1541 scribit
431 1475 569 1552 Quintus
596 1475 736 1557 Mucius,
767 1482 804 1540 ut
835 1476 914 1541 haec
946 1477 1110 1560 scriptura

98 1565 219 1629 habeat
246 1567 277 1629 iu
307 1587 341 1630 se
369 1572 401 1630 et
429 1566 736 1631 demonstrationem
760 1566 859 1650 legati
883 1569 915 1628 61
937 1585 1109 1649 argumen-

99 1657 169 1717 tum
176 1651 201 1739 ¹)
226 1702 233 1719 .
249 1705 277 1720 ..

417 1740 474 1812 [Dc
490 1741 586 1796 domas
602 1755 656 1796 usu
673 1739 788 1811 relicto]

189 1841 238 1906 18.
264 1839 300 1905 D.
317 1843 345 1925 7,
359 1841 389 1926 8,
404 1842 424 1907 2
439 1842 516 1906 614.
550 1841 707 1925 Ulpianus
726 1840 809 1905 libro
829 1839 1109 1923 septimodecimo

98 1927 138 1992 ad
162 1926 318 1995 Sabinum
343 1929 391 2016 (P
411 1928 521 2016 2575).
568 1931 692 1996 Domus
720 1951 796 1994 usus
824 1928 954 1993 relictus
978 1932 1028 1992 est
1050 1935 1110 1995 aut

98 2017 215 2083 marito
240 2024 297 2083 aut
320 2021 521 2086 mulieri
544 2019 672 2083 mulieri
695 2022 804 2082 autem
827 2017 857 2081 ei
881 2039 956 2080 usus
974 2017 1108 2084 relictus

97 2107 149 2184 sit,
169 2129 263 2190 posse
283 2130 352 2174 eam
373 2117 496 2173 etcum
516 2107 632 2172 marito
651 2107 801 2171 habitare
820 2105 960 2182 Quintus
978 2103 1107 2172 Mucius

97 2196 219 2278 primus
239 2197 379 2279 admisit,
399 2219 438 2261 ne
458 2200 488 2260 ei
506 2197 713 2260 matrimonio
733 2195 906 2260 carendum
920 2193 1015 2278 foret,
1033 2216 1108 2261 cum

97 2285 144 2348 uti
172 2285 243 2349 vult
270 2286 375 2350 domo.
419 2307 494 2349 nam
523 2306 581 2368 per
608 2284 805 2348 contrarium
828 2283 905 2368 quia
928 2304 1009 2348 uxor
1031 2305 1107 2349 cum

96 2372 211 2437 marito
234 2375 339 2457 possit
362 2373 509 2437 habitare
532 2394 591 2437 nec
613 2372 676 2437 fuit
699 2372 891 2436 dubitatum.

506 2590 612 2650 Liber
638 2590 693 2651 ΠΙ.

504 2707 551 2766 Dc
576 2707 695 2781 tepetis?

184 2821 302 2880 Mucius
329 2821 456 2880 fortasse
484 2822 576 2881 etiam
602 2821 656 2881 hoc
683 2820 758 2879 libro
782 2819 817 2879 de
840 2819 949 2897 legetis
972 2819 1107 2897 scripsit3

95 2928 164 2969 nam
188 2910 268 2987 quod
288 2909 434 2986 Ulpianus
458 2930 493 2970 ex
516 2910 652 2970 secundo·
668 2912 786 2968 tantum
809 2909 887 2967 libro
905 2908 1046 2967 Muciana
1068 2908 1107 2968 de

95 2999 203 3074 legatis
236 2999 335 3075 affert,
366 3017 426 3058 non
457 3000 559 3076 magni
590 2998 730 3075 ponderis
762 3002 816 3057 est.
867 2998 996 3056 secundo
1026 2996 1106 3057 libro

93 3087 228 3146 Mucium
260 3087 296 3146 de
329 3091 454 3165 argento
486 3089 565 3147 facto
599 3087 751 3162 scripsisse
782 3085 928 3145 traditum
955 3090 1015 3162 est3
1045 3103 1107 3144 non

93 3176 243 3252 itemquo
262 3176 338 3237 libro
358 3176 394 3236 de
413 3195 487 3235 euro
506 3178 607 3250 legato
627 3175 834 3251 disputaverit.
872 3174 1055 3249 Pomponius
1073 3174 1107 3232 iu

94 3268 227 3325 extremo
251 3266 378 3343 demum,
404 3265 436 3324 id
459 3273 505 3324 est
527 3265 604 3324 libro
627 3283 713 3342 nono,
737 3263 774 3322 da
796 3282 870 3323 auro
893 3262 993 3339 legato
1017 3262 1105 3340 dicit3

94 3353 130 3412 de
158 3358 283 3429 argento
311 3356 412 3432 legato
439 3355 554 3413 nullam
577 3352 734 3429 Pomponii
757 3352 936 3411 sententiam
959 3372 996 3410 ex
1018 3351 1105 3411 libris

166 3509 180 3556 1
200 3508 229 3559 et
247 3505 468 3560 deminutionem
487 3504 574 3573 legati
594 3507 623 3558 et
642 3506 821 3573 augmentum
843 3503 981 3558 Deianirae.
