2422 3840
365 189 389 238 5.
415 184 444 240 C.
459 184 663 240 TREBATIUS
681 184 798 239 TESTA
1021 183 1087 248 405

77 347 208 431 proprie
234 346 296 411 diei
321 348 376 430 ait,
399 347 483 432 quod
508 368 546 410 ex
570 347 721 432 religioso
745 348 794 411 vel
819 369 909 412 sacro
930 347 965 411 in
982 349 1085 413 homi-

77 457 155 499 num
179 457 273 500 usum
296 436 591 520 proprietatemque
615 456 804 500 conversum
827 443 886 500 est.

166 524 196 588 3.
228 522 369 588 Macrob.
389 528 448 589 sat.
467 524 497 603 3,
515 524 544 604 5,
566 526 594 588 1.
644 522 725 589 (lum
750 572 780 588 ..
803 523 973 589 Trebatius
1000 524 1084 589 libro

77 613 182 696 primo
212 612 249 676 de
277 613 489 697 religionibus
518 612 647 694 doceat,
668 612 847 677 hostiarum
873 632 993 696 genera
1017 635 1086 677 esse
1141 639 1145 648 ¹

78 702 155 785 duo,
182 722 280 766 unum
308 702 342 765 in
370 723 433 785 quo
461 702 613 765 voluntas
636 701 688 765 dei
710 722 768 784 per
792 704 866 765 exta
889 701 1087 784 disquiritur,

79 791 217 854 alterum
241 791 276 854 in
300 812 363 874 quo
387 791 456 854 sola
480 790 588 855 anima
611 790 669 853 deo
694 793 853 875 sacratur,
879 789 963 854 unde
987 790 1085 853 etiam

39 954 40 960 ἵ
78 878 265 962 haruspices
303 879 458 943 animales
494 878 554 943 bas
590 878 714 944 hostias
751 882 880 960 vocant,
914 881 1086 963 utrumque

78 967 258 1031 hostiarum
282 988 383 1052 genus
407 967 442 1031 in
465 968 605 1032 carmine
628 988 686 1039 suo
704 963 869 1051 Vergilius
893 966 1041 1032 ostendit.

166 1056 196 1120 4.
228 1054 370 1121 Macrob.
398 1058 457 1120 sat.
483 1057 515 1138 l,
540 1057 595 1138 16,
617 1056 670 1120 28.
722 1054 892 1120 Trebatius
928 1055 963 1119 in
1001 1056 1086 1121 libro

78 1145 183 1227 primo
220 1144 413 1229 religionum
450 1144 509 1229 ait,
544 1144 697 1208 nundinis
729 1144 959 1229 magistratum
991 1166 1086 1229 posse

78 1233 305 1297 manumittere
328 1233 507 1316 iudiciaque
530 1232 684 1298 addicere.

497 1460 606 1518 Liber
629 1460 666 1518 ΙΙ.

169 1579 198 1642 5.
217 1576 300 1643 Gell.
312 1578 399 1658 612,
410 1578 439 1642 5.
463 1577 635 1643 Trebatius
650 1628 674 1642 ..
689 1580 722 1642 in
733 1579 816 1642 libro
826 1578 864 1642 de
875 1577 1087 1662 religionibus

80 1667 232 1731 secundo:
255 1665 409 1730 Sacellum
432 1671 483 1745 est,
506 1667 620 1750 inquit,
643 1668 725 1732 loeas
740 1687 860 1750 parcas
878 1666 930 1731 deo
948 1672 1088 1731 sacratas

78 1777 147 1820 eam
170 1776 237 1820 ara.
279 1754 392 1817 deinde
414 1755 504 1818 addit
522 1756 622 1820 verba
639 1755 732 1819 haec:
755 1756 899 1820 sacellam
918 1776 955 1819 ea
972 1756 1088 1820 duobus

78 1844 175 1908 0066663
202 1843 337 1907 arbitror
364 1845 559 1925 compositum
585 1845 668 1909 sacri
695 1844 851 1926 acellae,
880 1845 971 1926 066006
997 1865 1088 1909 sacra

78 1933 161 1996 cella.
207 1932 267 1995 hoc
291 1930 418 2013 quidem
442 1932 571 2014 scripsit
594 1931 772 1995 Trebatius.

169 2051 312 2109 Eiusdem
334 2050 403 2109 libri
423 2051 627 2111 videturesse
646 2052 850 2126 fragmentum
868 2052 948 2129 quod
966 2053 1088 2112 subieci.

169 2169 198 2232 6.
227 2168 407 2252 Philargyr.
429 2169 468 2233 ad
487 2167 585 2254 Verg.
609 2169 726 2254 Georg.
745 2171 775 2254 2,
794 2171 867 2235 381.
908 2169 1090 2255 (Compita),

80 2260 118 2320 ut
143 2255 307 2321 Trebatiol
330 2257 450 2341 placet,
479 2257 569 2322 locus
593 2259 799 2342 expluribus
825 2259 973 2344 partibus
995 2260 1030 2323 in
1054 2282 1087 2323 se

80 2346 132 2409 vel
155 2346 189 2408 in
213 2346 340 2409 easdem
363 2351 471 2428 partes
495 2368 533 2410 ex
558 2369 591 2410 se
616 2347 668 2410 via
687 2352 782 2431 atque
803 2348 918 2412 itinere
936 2348 1088 2432 dirigens,

80 2435 146 2498 sive
171 2434 198 2498 is
223 2455 295 2498 oum
319 2456 375 2498 ara
396 2435 463 2499 sive
487 2435 554 2499 sine
579 2458 635 2500 ara
658 2435 723 2500 sive
747 2436 911 2501 subtecto
935 2437 1002 2500 sive
1027 2439 1087 2500 sub

79 2523 153 2587 divo
177 2523 228 2604 sit,
251 2523 306 2586 ubi
329 2524 449 2607 pagani
472 2528 617 2608 agrestes
642 2525 776 2589 buccina
796 2525 963 2590 convocati
982 2526 1088 2590 solent

80 2615 168 2675 certa
189 2612 270 2675 inire
289 2613 431 2676 concilia.
461 2612 534 2677 hino
558 2617 591 2676 et
609 2614 692 2677 lares
711 2613 918 2698 compitalicii
936 2618 970 2678 et
988 2613 1087 2678 feriae

79 2700 321 2784 compitalicius.

487 2838 595 2898 Liber
617 2839 684 2898 VH.

172 2959 199 3022 7.
232 2954 320 3022 Serv.
343 2957 383 3020 ad
406 2958 487 3024 Aen.
508 2957 562 3040 11,
582 2958 700 3022 316..
715 2959 942 3023 .seeundum
971 2958 1088 3022 Treba·

80 3047 176 3129 tium,
202 3046 255 3130 qui
280 3046 318 3109 de
340 3045 551 3149 religionibus
574 3045 660 3110 libro
684 3047 822 3129 septimo
847 3047 906 3111 ait.
880 3047 1013 3111 tLaci
1034 3048 1089 3130 0666

80 3136 187 3198 saal
174 3155 209 3198 m
231 3135 328 3236 apris,
351 3136 405 3216 006
426 3131 571 3199 606666602
593 3135 675 3216 capti
696 3140 782 3218 saal,
758 3135 858 3200 tlros
881 3136 963 3200 lacos
984 3138 1088 3199 eadem

80 3225 266 3287 caerimonia
234 3243 423 3376 6660660666
440 3220 598 3305 606006663
616 3186 782 3306 laberipad
793 3228 968 3309 oportetat
979 3230 1088 3289 ceteros

80 3311 161 3377 lacos
184 3312 238 3394 006
259 3313 294 3376 ia
317 3333 359 3376 aa
360 3313 443 3395 66000
465 3332 540 3394 apro
561 3317 642 3376 066666

153 3482 167 3529 1
191 3479 290 3534 emend.
312 3447 623 3533 060606606601660.
700 3483 716 3530 2
738 3477 865 3534 Hasctlte
883 3478 983 3534 60666666
1002 3493 1088 3544 quon·

80 3547 146 3600 dam
164 3547 249 3601 bello.
321 3555 337 3602 3
357 3547 470 3617 coinqui
489 3549 522 3604 ci.
538 3547 702 3605 Salmasius.
