2422 3840
306 165 332 214 8.
359 154 513 214 SERVIUS
533 156 717 214 SULPICIUS
736 159 854 214 RUFUS
1024 160 1085 222 141

76 328 149 387 vixit
173 327 213 387 ad
236 326 364 388 aliorum
386 327 553 400 arbitrium,
576 346 636 387 non
659 328 698 386 ad
720 346 816 404 suum,
839 347 949 405 magna
971 329 1038 388 laus
1057 332 1088 388 et

76 420 166 494 grata
182 416 365 489 hominibus,
387 436 482 475 unum
499 417 650 475 hominem
672 416 825 475 elaborare
848 416 881 474 in
899 436 934 475 ea
953 418 1087 494 scientia,

75 524 152 583 quac
176 505 219 564 sit
241 505 347 578 multis
370 498 550 581 profutura'.
597 509 629 583 9,
654 507 695 562 22
725 498 850 581 ‘vigilas
873 509 909 563 tn
932 506 968 564 de
991 510 1088 584 nocte,

74 597 110 653 ut
130 593 195 653 tuis
221 593 443 653 consultoribus
466 594 646 669 respondeas
665 639 671 651 .
687 639 693 653 .
712 596 742 653 te
766 593 914 670 gallorum
935 642 961 654 ..
981 597 1086 654 cantus

75 683 251 742 exsuscitat.
296 685 332 741 tu
359 683 505 741 actionem
532 683 681 759 instituis,
790 687 823 741 tu
852 701 951 758 caves,
980 702 1018 741 ne
1041 684 1088 742 tui

76 772 264 832 consultores
283 814 308 830 ..
328 771 486 847 capiantur
505 815 543 849 ..,
565 776 600 830 nt
624 790 718 846 aquae
741 771 862 846 pluviae
885 775 1044 831 arceantur
1063 814 1089 832 .‚

76 864 111 919 tu
132 853 333 935 (exercitatus
356 853 402 940 es)
430 859 462 918 in
485 860 623 937 regendis
647 854 784 939 (finibus)
885 861 962 936 quod
988 907 1016 919 ..
1040 862 1087 920 ius

77 949 164 1008 civile
188 948 331 1024 didicisti,
353 968 412 1008 non
436 949 541 1025 dicam,
566 968 686 1024 operam
709 944 886 1025 perdidisti'.

165 1037 213 1096 Ib.
233 1039 284 1116 13,
300 1040 340 1096 28
360 1039 432 1097 haec
451 1037 593 1113 legimus:
619 1031 656 1095 ‘si
674 1038 748 1096 mihi
766 1039 879 1096 homini
896 1038 1089 1097 vehementer

76 1128 223 1202 occupato
247 1126 436 1187 stomachum
457 1127 619 1198 moveritis,
646 1126 746 1185 triduo
772 1145 818 1185 me
841 1127 1088 1186 iurisconsultum

76 1233 141 1275 esse
164 1215 330 1291 profitebor
353 1260 404 1275 ...
429 1235 505 1292 quae
529 1215 728 1275 consuluntur
748 1263 753 1274 .
770 1262 790 1291 .,
813 1216 936 1274 minimo
955 1216 1088 1292 periculo

75 1303 306 1380 respondentur.
361 1304 386 1363 si
421 1304 452 1362 id
489 1303 570 1381 qnod
601 1307 733 1379 oportet,
770 1305 972 1382 responderis,
1009 1306 1088 1364 idem

76 1393 199 1452 videare
227 1393 415 1469 respondisse
438 1393 518 1469 quod
542 1393 677 1470 Servius,
706 1394 752 1452 sin
775 1394 876 1471 aliter,
905 1394 996 1453 etiam
1019 1413 1087 1452 con·

75 1485 250 1542 troversum
272 1483 320 1541 ius
338 1500 424 1541 nosse
444 1487 475 1541 et
491 1485 638 1541 tractasse
656 1476 796 1542 uideare'.
837 1483 924 1542 Brut.
942 1485 994 1559 42,
1012 1486 1088 1543 154:
1194 1482 1196 1486 ’

76 1563 164 1629 ‘cnm
193 1617 222 1630 ..
252 1570 384 1630 discendi
411 1589 502 1629 cansa
530 1571 646 1631 duobus
673 1571 862 1645 peritissimis
890 1591 1012 1646 operam
1039 1573 1088 1631 de-

77 1660 173 1718 disset
195 1654 275 1738 (scil.
294 1650 439 1740 Samius),
464 1659 496 1718 L.
516 1659 632 1719 Lucilio
656 1661 760 1736 Balbo,
784 1659 816 1718 Ο.
835 1660 969 1738 Aquillio
991 1659 1087 1733 Gallo,

77 1746 161 1806 Galli
182 1748 312 1807 hominis
336 1749 417 1807 acuti
441 1752 472 1807 et
494 1750 649 1808 exercitati
666 1751 835 1824 promptam
854 1753 884 1807 et
902 1753 1039 1826 paratam
1058 1751 1089 1807 in

77 1837 194 1914 agendo
215 1840 247 1896 et
262 1838 296 1895 in
312 1837 518 1912 respondendo
535 1837 720 1896 celeritatem
735 1837 905 1896 subtilitate
920 1839 1089 1916 diligentia-

77 1945 136 2002 que
161 1927 328 2002 superavit‚
351 1925 440 1984 Balbi
463 1927 545 1985 docti
567 1929 597 1985 et
621 1926 732 1985 eruditi
754 1925 882 1984 hominis
905 1927 937 1984 in
960 1935 1089 2003 utraque

78 2033 109 2073 re
136 2014 357 2074 consideratam
384 2015 558 2073 tarditatem
580 2015 653 2074 vicit
677 2014 866 2090 expediendis
889 2014 1089 2073 conficiendis·

79 2123 138 2179 que
161 2104 260 2162 rebus.
304 2105 346 2164 sic
369 2108 400 2162 et
423 2105 520 2178 habet,
545 2104 625 2179 qnod
647 2107 775 2179 uterque
799 2121 899 2161 eornm
921 2103 1035 2179 habuit,
1059 2107 1090 2162 et

79 2192 225 2268 explevit,
250 2188 330 2268 quod
355 2192 474 2268 utrique
499 2185 615 2252 defuit’

168 2281 239 2339 Non
266 2282 380 2340 minore
409 2281 507 2340 studio
535 2281 619 2340 libris
650 2281 813 2340 scribendis
845 2299 964 2356 operam
999 2279 1089 2339 dedit.

78 2369 264 2445 Pomponius
293 2369 312 2443 ἓ
336 2372 377 2429 43
407 2371 480 2429 haec
504 2370 560 2429 ait:
593 2365 727 2448 ‘reliquit
751 2416 779 2428 ,.
802 2389 893 2446 prope
916 2372 1037 2428 centum
1060 2372 1091 2428 et

79 2458 236 2534 octoginta
263 2452 381 2518 libros'.
432 2459 644 2518 nonnullorum
673 2479 796 2535 opernm
824 2463 1001 2536 argumenta
1028 2462 1090 2517 tra-

79 2547 144 2606 dita
167 2552 252 2623 sunt3
281 2548 402 2623 scripsit
424 2548 503 2607 enim
526 2549 709 2622 reprehensa
733 2548 891 2607 Scaevolae
915 2548 1026 2625 capita,
1055 2548 1090 2607 de

79 2636 173 2695 sacris
198 2636 391 2713 detestandis,
415 2637 450 2695 de
475 2636 603 2709 dotibus,
627 2638 663 2696 de
687 2637 842 2696 duodecim
866 2637 978 2696 tabulis
1002 2641 1032 2695 et
1053 2638 1091 2695 ad

79 2724 226 2797 edictum,
259 2728 290 2783 et
322 2725 403 2802 quod
433 2727 513 2784 hunc
543 2727 788 2784 commentarium
820 2726 942 2801 attinet,
975 2727 1091 2800 primus

80 2813 214 2872 omnium
247 2813 321 2872 iuris
354 2815 567 2873 consultorum.
625 2813 764 2875 Serrium
795 2815 888 2872 Mucii
919 2815 1091 2874 auditorum

80 2903 166 2961 libris
189 2920 280 2961 usum
301 2903 395 2962 fuisse
420 2922 580 2979 eorumque
604 2903 697 2962 libros
716 2904 812 2963 Servii
830 2903 916 2962 libris
936 2904 1090 2962 oblittera-

79 2995 127 3050 tos
146 3009 211 3050 esse
231 2991 414 3066 Pomponius
432 2991 533 3050 tradit.
578 2991 673 3051 Servii
691 2992 772 3051 enim
790 2993 970 3068 scriptorum
989 3011 1090 3050 secun-

80 3080 153 3138 dum
168 3079 321 3139 Ciceronis
334 3080 479 3139 iudicium
493 3071 594 3160 (Brut.
609 3075 751 3160 42,153)
767 3074 888 3140 ‘similia
903 3081 986 3139 nulla
1000 3075 1090 3137 sunt'.

79 3168 265 3244 Pomponius
288 3173 390 3227 autem
413 3167 432 3244 ξ
452 3171 494 3227 42
506 3188 548 3244 sq.
572 3171 645 3228 haee
667 3172 783 3227 narrat:
812 3164 916 3227 ‘Mucii
939 3167 1090 3226 auditores

79 3258 204 3317 fuerunt
232 3257 414 3336 complures,
444 3259 496 3316 sed
523 3259 702 3333 praecipuae
727 3258 915 3316 auctoritatis
939 3255 1091 3328 Aquillius

80 3344 197 3418 Gallus,
218 3345 333 3405 Balbus
352 3346 495 3424 Lucilius,
519 3346 627 3405 Sextus
645 3346 794 3421 Papirius,
814 3344 907 3404 Gaius
926 3343 1092 3420 Iuventius,

79 3454 116 3493 ex
148 3435 259 3512 quibus
288 3433 408 3494 Gallum
440 3437 585 3494 maximae
618 3434 807 3494 auctoritatis
840 3433 919 3508 apud
946 3434 1092 3509 populum

77 3523 174 3584 fnisse
213 3523 363 3585 Servius
400 3524 498 3585 dicit.
554 3542 673 3585 omnes
710 3527 813 3584 tamen
847 3522 887 3583 bi
918 3541 941 3582 a
967 3521 1101 3581 Seruio
