2422 3840
429 167 454 215 2.
477 159 596 215 AULUS
615 158 754 214 orimus
1032 159 1096 224 337

460 355 504 409 Dc
521 356 613 410 tritico
631 356 725 424 leuato.

176 467 205 530 8.
238 464 319 529 Ibid.
340 467 359 545 ς
377 466 405 528 1.
447 462 558 529 ‘Lucio
578 464 664 527 Titio
688 463 786 529 tritici
811 465 938 529 modies
957 469 1097 549 centum,

86 553 142 639 qui
159 554 278 638 singuli
292 554 399 638 pondo
414 556 542 617 centum
556 552 726 636 pendeant,
744 552 838 617 heres
853 552 950 619 dato'.
982 553 1096 620 Ofilius

84 643 167 706 nihil
190 644 335 727 legatum
359 664 437 725 esse,
538 641 690 725 quoniam
714 641 871 706 eiusmodi
894 642 1039 708 triticum
1061 644 1096 707 in

84 754 191 795 rerum
214 739 331 796 natura
355 753 420 796 non
443 734 535 795 esset.

424 914 468 968 Dc
485 914 645 983 supellectili
664 916 758 984 locato.

174 1024 203 1088 9.
237 1024 274 1088 D.
294 1022 418 1108 33,10,
438 1023 479 1087 10
499 1072 527 1087 ..
547 1024 576 1087 2.
622 1023 794 1089 Iavolenus
822 1023 906 1088 libro
934 1024 1031 1088 tertio
1056 1044 1095 1087 ex

85 1112 318 1195 posterioribus
332 1110 493 1175 Labeonis
510 1108 559 1197 (P.
571 1112 659 1196 191).
692 1111 755 1188 Oui
774 1115 897 1177 vestem
916 1133 1044 1177 omnem
1062 1117 1095 1176 et

85 1222 136 1264 res
155 1201 294 1283 plurium
314 1220 468 1284 generum
486 1199 694 1284 supellectilis
714 1222 854 1284 expenso
873 1201 957 1265 ferre
977 1200 1094 1265 solitus

85 1293 167 1368 erat,
200 1290 227 1353 is
256 1290 347 1353 uxori
380 1289 613 1374 supellectilem
646 1290 812 1374 legaverat
931 1289 1095 1375 negabant

85 1383 207 1442 vestem
230 1377 338 1463 legato
363 1399 526 1442 cessuram
544 1377 654 1442 Labeo
673 1378 790 1443 Ofilius
809 1377 995 1461 Cascellius,
1018 1377 1094 1462 quia

83 1489 149 1531 non
172 1475 280 1548 posset
303 1467 403 1530 videri
426 1467 526 1531 restis
550 1468 766 1551 appellatione
790 1465 1000 1552 supellectilis
1020 1488 1094 1531 eon·

83 1557 188 1619 tineri.

447 1659 490 1712 Dc
508 1664 621 1728 cruento
639 1659 734 1729 leonto.

174 1768 224 1834 10.
252 1766 291 1832 D.
311 1768 368 1849 34,
386 1769 420 1849 2,
439 1767 482 1833 39
492 1790 538 1850 pr.
585 1767 755 1832 Iavolenus
783 1766 868 1832 libro
892 1769 1030 1833 secundo
1054 1790 1092 1832 ex

84 1857 316 1938 posterioribus
351 1856 511 1921 Labeonis
546 1853 595 1943 (P.
616 1852 702 1943 185).
755 1853 836 1920 Oum
867 1856 914 1919 ita
946 1856 1091 1941 legatum

84 1949 182 2007 esset:
212 1944 411 2030 ‘argentum
442 1945 527 2028 quod
555 1945 649 2008 domo
675 1966 748 2008 mea
771 1945 833 2008 erit
856 1965 928 2008 cum
952 1944 1092 2028 moriar',

84 2030 197 2096 Ofilius
215 2055 275 2098 nec
294 2034 379 2118 quod
398 2034 580 2117 depositum
595 2054 614 2095 a
628 2053 662 2096 se
676 2053 734 2097 neo
751 2032 836 2116 quod
851 2034 1092 2098 commodatum

84 2119 266 2204 reliquisset
290 2127 460 2207 argentum
484 2122 626 2206 legatum
649 2120 750 2186 videri
773 2121 945 2205 respondit.

374 2314 418 2370 Dc
435 2315 536 2370 muodo
554 2313 681 2368 muliebri
699 2314 794 2382 lecolo.

173 2425 224 2487 11.
260 2422 300 2488 D.
328 2424 402 2488 ibid.
431 2427 500 2504 §L
555 2421 590 2488 Si
626 2423 718 2488 uxori
755 2423 891 2487 mundus
924 2424 1090 2489 muliebris

82 2513 209 2596 legatus
243 2519 341 2595 esset,
375 2535 411 2577 ea
444 2512 668 2577 tantummodo
702 2513 810 2576 deberi
838 2510 952 2577 Ofilius
980 2512 1090 2579 Labeo

83 2602 331 2685 responderunt,
359 2623 440 2686 quae
466 2623 506 2665 ex
528 2601 578 2666 his
602 2601 722 2666 tradita
745 2601 857 2665 utendi
880 2623 975 2666 causa
998 2604 1090 2667 uxori

82 2689 151 2753 viro
185 2691 335 2755 fuissent:
370 2690 473 2754 aliter
496 2691 581 2754 enim
613 2688 902 2773 interpretantibus
931 2712 1090 2754 summam

81 2777 151 2842 fore
197 2780 394 2861 captionem,
442 2778 470 2841 si
511 2777 709 2843 Vescularius
751 2782 807 2843 aut
846 2777 938 2842 faber
978 2799 1090 2862 argen-

81 2865 183 2930 tarius
211 2867 303 2931 uxori
330 2869 375 2930 ita
402 2868 552 2952 legasset.

443 3050 487 3104 De
504 3050 604 3105 statuis
621 3050 724 3122 tepolis.

172 3160 221 3223 12.
250 3158 288 3223 D.
313 3159 368 3240 32,
394 3159 470 3241 100,
496 3161 525 3223 1.
560 3158 733 3223 Iavolenus
765 3157 848 3222 libro
881 3158 1019 3223 secundo
1049 3180 1088 3222 ex

79 3247 312 3328 posterioribus
340 3248 499 3311 Labeonis
527 3244 577 3332 (P.
597 3244 684 3333 173).
730 3246 822 3310 Duae
850 3249 975 3310 statuae
1004 3268 1089 3310 mar·

79 3357 207 3399 moreae
236 3336 361 3400 cuidam
388 3336 594 3421 nominatim,
620 3336 698 3399 item
726 3356 822 3400 omne
848 3356 992 3398 marmor
1019 3339 1089 3400 erat

79 3422 239 3507 legatum:
272 3426 393 3488 nullam
426 3428 567 3488 statuam
603 3445 816 3498 marmoream
848 3428 975 3509 praeter
1008 3424 1087 3489 duas

79 3510 256 3585 Cascellius
279 3517 373 3597 putat
396 3513 518 3596 deberi,
542 3512 657 3576 Ofilius
682 3511 860 3578 Trebatius
881 3517 1016 3577 menbra.

128 3624 223 3673 Ifflsspr.
238 3627 356 3669 sntcfiadr.
371 3627 422 3670 rell.
437 3628 471 3672 cd.
485 3629 592 3673 Bremer.
783 3616 797 3623 “’
862 3619 906 3668 Ὧι
