2422 3840
388 193 412 242 ’1.
437 184 597 242 GRANIUS
616 185 778 242 FLACCUS
1022 185 1085 249 261

369 373 393 432 Ι.
417 373 464 431 De
487 373 567 432 iure
590 372 794 448 Papiriano.

165 495 264 574 Leges
291 496 391 574 regias
419 497 584 556 secundum
612 498 790 575 argumenta
813 515 832 554 a
854 495 944 555 Sexto
967 497 1087 571 Papirio

70 585 241 645 collocatas
264 604 287 644 s.
310 585 359 644 ius
382 585 575 661 Papirianum
598 606 625 644 v.
647 603 738 661 supra
760 606 789 660 p.
810 587 946 662 133sqq.
971 585 1088 644 adhoc

70 693 148 753 ergo
172 674 221 733 ius
246 673 376 734 Granius
400 675 525 733 Flaccus
550 674 799 733 commentarium
822 674 950 748 scripsit.

440 844 484 898 De
501 845 560 898 rito
577 859 726 899 commum.

168 954 197 1017 1.
225 951 367 1018 Macrob.
387 957 446 1017 sat.
466 954 495 1034 3,
511 955 561 1033 11,
576 954 605 1017 5.
636 989 673 1000 —
704 954 739 1016 in
762 951 936 1036 Papiriano
964 1004 992 1017 ..
1020 953 1088 1016 iure

75 1041 244 1105 evidenter
278 1042 419 1107 relatum
457 1047 520 1124 est,
562 1063 635 1106 arae
673 1043 775 1106 vicem
811 1063 907 1125 posse
943 1063 1089 1105 mensam

74 1130 233 1194 dicatam:
274 1135 310 1194 ut
343 1131 378 1194 ia
414 1131 536 1212 tempto,
572 1130 691 1215 inquit,
726 1131 861 1195 Iunonis
896 1130 1090 1212 Populoniae

74 1223 210 1301 opposta
228 1239 334 1284 measa
352 1225 404 1284 est.
443 1240 576 1301 nomque
592 1221 627 1283 io
638 1220 726 1300 {aab
740 1221 805 1284 olio
819 1239 964 1284 cosmam
975 1225 1050 1284 scat
1062 1225 1090 1283 et

75 1327 185 1372 socrcae
206 1308 429 1390 suppellectilis,
451 1309 519 1373 olio
541 1313 800 1373 ornamentorum.
845 1328 923 1390 quoe
944 1327 1089 1373 cocorum

75 1401 163 1475 suot,
195 1397 392 1461 instrumenti
419 1399 522 1461 iactor
550 1396 672 1476 babeat,
703 1397 813 1479 quibos
839 1398 994 1478 sacrificio
1020 1418 1088 1462 coa-

74 1487 235 1568 ficiootar.
271 1506 405 1568 quoram
422 1506 526 1550 reram
540 1487 714 1569 prinoipem
732 1488 830 1551 locoru
848 1483 959 1551 obtinet
975 1507 1089 1569 menso,

75 1575 112 1638 io
140 1595 203 1656 ooo
230 1575 336 1656 opalcw
364 1575 579 1657 lcbotioaesqae
605 1580 634 1639 et
655 1577 746 1658 stipes
768 1581 971 1660 reponuntor,
998 1597 1089 1640 orao-

76 1669 183 1727 meato
205 1683 274 1728 cero
296 1668 370 1728 suat
388 1664 493 1747 clypei,
515 1684 643 1728 coronae
660 1670 689 1728 et
705 1664 829 1730 balasco
846 1666 929 1729 modi
946 1666 1088 1730 doaoou

74 1772 173 1834 neque
195 1753 278 1817 caim
300 1754 434 1818 donorio
455 1754 637 1817 dedicantur
659 1773 692 1816 eo
716 1758 859 1838 tompore,
883 1774 941 1834 ooo
963 1754 1090 1818 delabro

75 1846 262 1918 sacrantem
284 1846 319 1905 ot
339 1863 409 1906 cero
431 1861 538 1907 measa
561 1843 711 1923 caroloque
728 1843 829 1906 eodem
847 1843 904 1922 die,
926 1862 984 1924 qao
1002 1844 1091 1907 codes

74 1930 176 2011 ipsae,
211 1931 349 1995 dedcowi
378 1930 483 1996 solent.
532 1932 613 1995 ande
643 1951 749 1994 menso
780 1929 835 1994 boc
860 1932 925 1993 rita
953 1932 1090 1995 dedicato

75 2019 112 2082 ia
136 2019 248 2100 templo
269 2040 345 2083 orac
366 2039 459 2084 asum
481 2025 510 2084 et
531 2020 708 2101 retipo'oacm
731 2018 842 2083 obtinet
856 2019 1045 2100 pulvinaris.

168 2145 226 2216 Qui
248 2140 380 2226 ‘inquit’‚
402 2167 462 2208 non
485 2149 626 2225 Papirius
649 2152 703 2225 est,
727 2148 778 2207 scd
803 2146 933 2207 Granius
955 2147 1089 2207 Flaccus.

347 2335 464 2391 ‘Paelex
481 2353 560 2390 orara
578 2353 612 2389 ae
629 2337 736 2408 toapito
756 2335 818 2391 ...'

170 2445 199 2509 2.
222 2443 262 2508 D.
276 2444 328 2529 50,
345 2446 395 2529 16,
412 2446 484 2510 144.
525 2445 646 2510 Paulus
669 2445 752 2509 libro
777 2445 900 2510 decimo
925 2444 966 2509 ad
984 2446 1089 2530 legem

74 2532 203 2598 Juliam
222 2536 255 2598 et
268 2533 403 2617 Papiam
419 2533 467 2620 (P.
479 2533 568 2618 975).
601 2532 742 2598 Granius
757 2532 889 2598 Flaccus
903 2532 938 2598 in
952 2534 1035 2598 libro
1051 2534 1089 2597 de

76 2621 150 2686 iure
164 2621 339 2705 Papiriano
360 2623 474 2688 scribit
491 2623 640 2706 pellicem
658 2644 744 2687 nunc
762 2623 859 2707 volgo
874 2624 991 2702 vocari,
1010 2645 1090 2707 quae

76 2732 154 2775 cum
178 2731 215 2776 eo
239 2712 291 2776 cui
314 2733 395 2776 uxor
419 2714 471 2797 sit,
494 2732 610 2795 corpus
635 2711 777 2796 misceat,
800 2713 956 2795 quosdam
975 2709 1090 2798 (quon-

76 2795 194 2885 dami)
217 2821 297 2885 eam,
321 2823 403 2884 quae
421 2800 532 2865 uxoris
550 2801 621 2864 loco
640 2799 708 2863 sine
726 2800 850 2884 nuptiis
868 2800 904 2864 in
924 2801 1018 2866 domo
1039 2801 1091 2882 sit,

78 2909 179 2972 quam
201 2890 373 2972 παλλακὴν
396 2889 511 2954 Graeci
535 2891 660 2953 vocant.

168 3017 205 3076 of.
228 3017 313 3078 Paul.
336 3040 365 3094 p.
390 3019 463 3078 222.
486 3038 515 3078 v.
537 3017 670 3094 pellicea.
698 3047 740 3058 -
768 3016 894 3076 Pelliocs
922 3036 1000 3076 nunc
1024 3019 1089 3094 qui·

77 3107 148 3165 dem
171 3107 363 3182 appellantur
385 3106 490 3166 alionis
514 3105 741 3165 succumbentes
759 3125 819 3164 non
838 3105 936 3165 solum
954 3106 1091 3181 feminac,

78 3194 133 3254 sed
162 3195 253 3254 etiam
275 3214 382 3255 mares.
427 3195 543 3270 antiqui
565 3195 685 3271 proprie
710 3213 775 3252 cam
797 3195 934 3270 pellicem
957 3195 1090 3253 nomina·

77 3285 166 3359 bant,
199 3302 275 3361 quac
307 3304 431 3344 uxorem
462 3283 587 3343 habenti
615 3282 756 3342 nubebat.
806 3283 842 3342 D.
866 3285 917 3357 50,
943 3285 992 3357 16,
1018 3284 1090 3342 144.

77 3373 194 3432 Paulus
226 3373 246 3434 l.
269 3374 290 3433 l.
328 3405 367 3415 -
406 3374 497 3433 Libro
533 3372 754 3431 memorialium
787 3371 940 3431 Masurius
977 3372 1092 3448 scribit,

77 3462 219 3537 pellicem
248 3463 328 3538 apud
356 3463 496 3540 antiquos
525 3480 590 3520 carn
617 3460 766 3538 habitam,
798 3479 888 3539 quae,
920 3480 987 3520 cum
1015 3481 1093 3520 uxor

77 3569 139 3609 non
163 3553 251 3624 essct,
275 3570 342 3609 oum
365 3552 467 3629 aliquo
491 3553 594 3611 tamen
616 3551 753 3614 virebat.
