<?xml version="1.0" encoding="UTF-8"?>
<!DOCTYPE html PUBLIC "-//W3C//DTD XHTML 1.0 Transitional//EN"
    "http://www.w3.org/TR/xhtml1/DTD/xhtml1-transitional.dtd">
<html xmlns="http://www.w3.org/1999/xhtml" xml:lang="en" lang="en">
 <head>
  <title>
</title>
<meta http-equiv="Content-Type" content="text/html;charset=utf-8" />
  <meta name='ocr-system' content='tesseract 3.04.00' />
  <meta name='ocr-capabilities' content='ocr_page ocr_carea ocr_par ocr_line ocrx_word'/>
</head>
<body>
  <div class='ocr_page' id='page_1' title='image "./iurisprudentiae00bremgoog_0083.png"; bbox 0 0 2422 3840; ppageno 0'>
   <div class='ocr_carea' id='block_1_1' title="bbox 96 184 1107 250">
    <p class='ocr_par' dir='ltr' id='par_1_1' title="bbox 96 184 1107 250">
     <span class='ocr_line' id='line_1_1' title="bbox 96 184 1107 250; baseline 0.002 -10"><span class='ocrx_word' id='word_1_1' title='bbox 96 187 141 250; x_wconf 70' lang='grc'><strong>’70</strong></span> <span class='ocrx_word' id='word_1_2' title='bbox 177 187 225 243; x_wconf 88' lang='lat' dir='ltr'><strong>IV.</strong></span> <span class='ocrx_word' id='word_1_3' title='bbox 247 185 394 241; x_wconf 75' lang='lat' dir='ltr'><strong>surrlml</strong></span> <span class='ocrx_word' id='word_1_4' title='bbox 408 185 506 243; x_wconf 79' lang='lat' dir='ltr'><strong>SAEO.</strong></span> <span class='ocrx_word' id='word_1_5' title='bbox 520 187 617 242; x_wconf 78' lang='lat' dir='ltr'>IURIS</span> <span class='ocrx_word' id='word_1_6' title='bbox 632 185 806 242; x_wconf 71' lang='lat' dir='ltr'><strong>consum.</strong></span> <span class='ocrx_word' id='word_1_7' title='bbox 820 184 946 241; x_wconf 72' lang='lat' dir='ltr'><strong>saulus</strong></span> <span class='ocrx_word' id='word_1_8' title='bbox 962 186 1107 242; x_wconf 75' lang='lat' dir='ltr'><strong>ALTERA</strong></span> 
     </span>
    </p>
   </div>
   <div class='ocr_carea' id='block_1_2' title="bbox 16 347 1108 3621">
    <p class='ocr_par' dir='ltr' id='par_1_2' title="bbox 94 347 1107 696">
     <span class='ocr_line' id='line_1_2' title="bbox 94 347 1107 436; baseline 0.003 -22"><span class='ocrx_word' id='word_1_9' title='bbox 94 354 257 434; x_wconf 84' lang='lat' dir='ltr'><strong>generibus</strong></span> <span class='ocrx_word' id='word_1_10' title='bbox 285 359 315 414; x_wconf 91' lang='lat' dir='ltr'><strong>et</strong></span> <span class='ocrx_word' id='word_1_11' title='bbox 343 355 379 414; x_wconf 88' lang='lat' dir='ltr'><strong>de</strong></span> <span class='ocrx_word' id='word_1_12' title='bbox 400 347 525 414; x_wconf 81' lang='lat' dir='ltr'><strong>¹heredis</strong></span> <span class='ocrx_word' id='word_1_13' title='bbox 547 354 738 414; x_wconf 85' lang='lat' dir='ltr'><strong>institutione</strong></span> <span class='ocrx_word' id='word_1_14' title='bbox 761 353 866 432; x_wconf 83' lang='lat' dir='ltr'><strong>egisse.</strong></span> <span class='ocrx_word' id='word_1_15' title='bbox 912 355 1040 416; x_wconf 86' lang='lat' dir='ltr'><strong>fortasse</strong></span> <span class='ocrx_word' id='word_1_16' title='bbox 1065 375 1107 436; x_wconf 86' lang='lat' dir='ltr'><strong>ea,</strong></span> 
     </span>
     <span class='ocr_line' id='line_1_3' title="bbox 95 441 1106 522; baseline 0.004 -19"><span class='ocrx_word' id='word_1_17' title='bbox 95 463 174 522; x_wconf 89' lang='lat' dir='ltr'><strong>quae</strong></span> <span class='ocrx_word' id='word_1_18' title='bbox 192 444 313 504; x_wconf 85' lang='lat' dir='ltr'><strong>Laelius</strong></span> <span class='ocrx_word' id='word_1_19' title='bbox 332 443 416 502; x_wconf 80' lang='lat' dir='ltr'>Felix</span> <span class='ocrx_word' id='word_1_20' title='bbox 439 448 470 503; x_wconf 92' lang='lat' dir='ltr'><strong>et</strong></span> <span class='ocrx_word' id='word_1_21' title='bbox 488 441 582 504; x_wconf 83' lang='lat' dir='ltr'><strong>Gaius</strong></span> <span class='ocrx_word' id='word_1_22' title='bbox 600 443 772 520; x_wconf 86' lang='lat' dir='ltr'><strong>H,111sq.</strong></span> <span class='ocrx_word' id='word_1_23' title='bbox 798 443 833 501; x_wconf 93' lang='lat' dir='ltr'><strong>de</strong></span> <span class='ocrx_word' id='word_1_24' title='bbox 857 447 1106 507; x_wconf 75' lang='lat' dir='ltr'><strong>testamentorum</strong></span> 
     </span>
     <span class='ocr_line' id='line_1_4' title="bbox 96 531 1106 614; baseline 0.005 -23"><span class='ocrx_word' id='word_1_25' title='bbox 96 533 223 592; x_wconf 88' lang='lat' dir='ltr'><strong>historia</strong></span> <span class='ocrx_word' id='word_1_26' title='bbox 249 533 385 608; x_wconf 86' lang='lat' dir='ltr'><strong>tradunt,</strong></span> <span class='ocrx_word' id='word_1_27' title='bbox 414 531 526 602; x_wconf 80' lang='lat' dir='ltr'><strong>Quinto</strong></span> <span class='ocrx_word' id='word_1_28' title='bbox 553 532 652 591; x_wconf 90' lang='lat' dir='ltr'><strong>Mucio</strong></span> <span class='ocrx_word' id='word_1_29' title='bbox 682 533 851 592; x_wconf 81' lang='lat' dir='ltr'><strong>adtribuere</strong></span> <span class='ocrx_word' id='word_1_30' title='bbox 878 533 960 592; x_wconf 90' lang='lat' dir='ltr'><strong>licet.</strong></span> <span class='ocrx_word' id='word_1_31' title='bbox 1005 534 1106 614; x_wconf 88' lang='lat' dir='ltr'><strong>itaque</strong></span> 
     </span>
     <span class='ocr_line' id='line_1_5' title="bbox 97 620 854 696; baseline 0.001 -17"><span class='ocrx_word' id='word_1_32' title='bbox 97 621 252 696; x_wconf 87' lang='lat' dir='ltr'><strong>utriusque</strong></span> <span class='ocrx_word' id='word_1_33' title='bbox 275 621 367 681; x_wconf 84' lang='lat' dir='ltr'><strong>verba</strong></span> <span class='ocrx_word' id='word_1_34' title='bbox 389 622 446 680; x_wconf 91' lang='lat' dir='ltr'><strong>hoc</strong></span> <span class='ocrx_word' id='word_1_35' title='bbox 469 622 534 680; x_wconf 86' lang='lat' dir='ltr'><strong>loco</strong></span> <span class='ocrx_word' id='word_1_36' title='bbox 556 621 719 696; x_wconf 87' lang='lat' dir='ltr'><strong>repetenda</strong></span> <span class='ocrx_word' id='word_1_37' title='bbox 741 620 854 696; x_wconf 85' lang='lat' dir='ltr'><strong>putavi.</strong></span> 
     </span>
    </p>

    <p class='ocr_par' dir='ltr' id='par_1_3' title="bbox 16 702 1106 1321">
     <span class='ocr_line' id='line_1_6' title="bbox 187 702 1105 787; baseline 0.007 -18"><span class='ocrx_word' id='word_1_38' title='bbox 187 707 229 769; x_wconf 77' lang='lat'><strong>1⁸.</strong></span> <span class='ocrx_word' id='word_1_39' title='bbox 260 703 342 769; x_wconf 86' lang='lat' dir='ltr'><strong>Geli.</strong></span> <span class='ocrx_word' id='word_1_40' title='bbox 367 707 422 787; x_wconf 79' lang='lat'><strong>15,</strong></span> <span class='ocrx_word' id='word_1_41' title='bbox 441 705 493 769; x_wconf 76' lang='lat'><strong>27.</strong></span> <span class='ocrx_word' id='word_1_42' title='bbox 528 741 565 751; x_wconf 97' lang='lat'>-</span> <span class='ocrx_word' id='word_1_43' title='bbox 600 704 636 768; x_wconf 91' lang='lat' dir='ltr'><strong>In</strong></span> <span class='ocrx_word' id='word_1_44' title='bbox 671 704 754 769; x_wconf 86' lang='lat' dir='ltr'><strong>libro</strong></span> <span class='ocrx_word' id='word_1_45' title='bbox 785 702 887 769; x_wconf 84' lang='lat' dir='ltr'><strong>Laelii</strong></span> <span class='ocrx_word' id='word_1_46' title='bbox 917 704 1035 773; x_wconf 87' lang='lat' dir='ltr'><strong>Felicis</strong></span> <span class='ocrx_word' id='word_1_47' title='bbox 1068 711 1105 775; x_wconf 86' lang='lat' dir='ltr'><strong>ad</strong></span> 
     </span>
     <span class='ocr_line' id='line_1_7' title="bbox 97 791 1106 879; baseline 0.006 -21"><span class='ocrx_word' id='word_1_48' title='bbox 97 792 133 870; x_wconf 81' lang='lat' dir='ltr'><strong>Q.</strong></span> <span class='ocrx_word' id='word_1_49' title='bbox 159 792 300 858; x_wconf 89' lang='lat' dir='ltr'><strong>Mucium</strong></span> <span class='ocrx_word' id='word_1_50' title='bbox 333 793 438 877; x_wconf 93' lang='lat' dir='ltr'><strong>primo</strong></span> <span class='ocrx_word' id='word_1_51' title='bbox 470 793 624 877; x_wconf 88' lang='lat' dir='ltr'><strong>scriptum</strong></span> <span class='ocrx_word' id='word_1_52' title='bbox 653 799 716 876; x_wconf 91' lang='lat' dir='ltr'><strong>est,</strong></span> <span class='ocrx_word' id='word_1_53' title='bbox 747 791 931 859; x_wconf 79' lang='lat' dir='ltr'><strong>Labeonem</strong></span> <span class='ocrx_word' id='word_1_54' title='bbox 959 797 1106 879; x_wconf 88' lang='lat' dir='ltr'><strong>scribere,</strong></span> 
     </span>
     <span class='ocr_line' id='line_1_8' title="bbox 97 880 1105 967; baseline 0.006 -20"><span class='ocrx_word' id='word_1_55' title='bbox 97 882 205 947; x_wconf 87' lang='lat' dir='ltr'><strong>celata</strong></span> <span class='ocrx_word' id='word_1_56' title='bbox 241 880 375 947; x_wconf 91' lang='lat' dir='ltr'><strong>comitia</strong></span> <span class='ocrx_word' id='word_1_57' title='bbox 410 902 493 965; x_wconf 87' lang='lat' dir='ltr'><strong>esse,</strong></span> <span class='ocrx_word' id='word_1_58' title='bbox 530 903 612 966; x_wconf 89' lang='lat' dir='ltr'><strong>quae</strong></span> <span class='ocrx_word' id='word_1_59' title='bbox 645 903 704 965; x_wconf 88' lang='lat' dir='ltr'><strong>pro</strong></span> <span class='ocrx_word' id='word_1_60' title='bbox 737 882 884 966; x_wconf 80' lang='lat' dir='ltr'><strong>conlegio</strong></span> <span class='ocrx_word' id='word_1_61' title='bbox 916 885 1105 967; x_wconf 90' lang='lat' dir='ltr'><strong>pontificum</strong></span> 
     </span>
     <span class='ocr_line' id='line_1_9' title="bbox 97 969 1105 1056; baseline 0.006 -21"><span class='ocrx_word' id='word_1_62' title='bbox 97 971 257 1036; x_wconf 83' lang='lat' dir='ltr'><strong>habentur</strong></span> <span class='ocrx_word' id='word_1_63' title='bbox 297 976 353 1034; x_wconf 90' lang='lat' dir='ltr'><strong>aut</strong></span> <span class='ocrx_word' id='word_1_64' title='bbox 390 971 476 1055; x_wconf 83' lang='lat' dir='ltr'><strong>regis</strong></span> <span class='ocrx_word' id='word_1_65' title='bbox 513 973 569 1034; x_wconf 90' lang='lat' dir='ltr'><strong>aut</strong></span> <span class='ocrx_word' id='word_1_66' title='bbox 604 969 772 1035; x_wconf 90' lang='lat' dir='ltr'><strong>flaminum</strong></span> <span class='ocrx_word' id='word_1_67' title='bbox 808 971 1105 1056; x_wconf 83' lang='lat' dir='ltr'><strong>inaugurandorum</strong></span> 
     </span>
     <span class='ocr_line' id='line_1_10' title="bbox 16 1059 1105 1141; baseline 0.005 -15"><span class='ocrx_word' id='word_1_68' title='bbox 16 1122 17 1126; x_wconf 75' lang='grc'>,</span> <span class='ocrx_word' id='word_1_69' title='bbox 96 1081 201 1124; x_wconf 90' lang='lat' dir='ltr'><strong>causa.</strong></span> <span class='ocrx_word' id='word_1_70' title='bbox 243 1080 355 1124; x_wconf 88' lang='lat' dir='ltr'><strong>eorum</strong></span> <span class='ocrx_word' id='word_1_71' title='bbox 379 1064 486 1124; x_wconf 87' lang='lat' dir='ltr'><strong>autem</strong></span> <span class='ocrx_word' id='word_1_72' title='bbox 504 1059 569 1123; x_wconf 85' lang='lat' dir='ltr'><strong>alia</strong></span> <span class='ocrx_word' id='word_1_73' title='bbox 587 1080 658 1124; x_wconf 89' lang='lat' dir='ltr'><strong>esse</strong></span> <span class='ocrx_word' id='word_1_74' title='bbox 677 1060 809 1141; x_wconf 85' lang='lat' dir='ltr'><strong>curiata,</strong></span> <span class='ocrx_word' id='word_1_75' title='bbox 830 1059 896 1124; x_wconf 88' lang='lat' dir='ltr'><strong>alia</strong></span> <span class='ocrx_word' id='word_1_76' title='bbox 914 1065 1105 1130; x_wconf 78' lang='lat' dir='ltr'><strong>centuriata:</strong></span> 
     </span>
     <span class='ocr_line' id='line_1_11' title="bbox 96 1147 1105 1235; baseline 0.006 -23"><span class='ocrx_word' id='word_1_77' title='bbox 96 1149 221 1214; x_wconf 87' lang='lat' dir='ltr'><strong>curiata</strong></span> <span class='ocrx_word' id='word_1_78' title='bbox 242 1169 300 1232; x_wconf 89' lang='lat' dir='ltr'><strong>per</strong></span> <span class='ocrx_word' id='word_1_79' title='bbox 323 1148 470 1213; x_wconf 88' lang='lat' dir='ltr'><strong>lictorem</strong></span> <span class='ocrx_word' id='word_1_80' title='bbox 494 1147 651 1212; x_wconf 90' lang='lat' dir='ltr'><strong>curiatum</strong></span> <span class='ocrx_word' id='word_1_81' title='bbox 676 1147 784 1232; x_wconf 87' lang='lat' dir='ltr'><strong>calari,</strong></span> <span class='ocrx_word' id='word_1_82' title='bbox 807 1148 908 1212; x_wconf 92' lang='lat' dir='ltr'><strong>idest</strong></span> <span class='ocrx_word' id='word_1_83' title='bbox 927 1155 1105 1235; x_wconf 81' lang='lat' dir='ltr'><strong>convocari,</strong></span> 
     </span>
     <span class='ocr_line' id='line_1_12' title="bbox 32 1236 581 1321; baseline -0.002 -19"><span class='ocrx_word' id='word_1_84' title='bbox 32 1276 34 1278; x_wconf 89' lang='lat'>·</span> <span class='ocrx_word' id='word_1_85' title='bbox 95 1236 276 1302; x_wconf 80' lang='lat' dir='ltr'><strong>centuriata</strong></span> <span class='ocrx_word' id='word_1_86' title='bbox 297 1236 355 1321; x_wconf 80' lang='lat' dir='ltr'><strong>per</strong></span> <span class='ocrx_word' id='word_1_87' title='bbox 378 1236 581 1301; x_wconf 87' lang='lat' dir='ltr'><strong>cornicinem.</strong></span> 
     </span>
    </p>

    <p class='ocr_par' dir='ltr' id='par_1_4' title="bbox 95 1324 1106 1923">
     <span class='ocr_line' id='line_1_13' title="bbox 185 1324 1106 1414; baseline 0.009 -26"><span class='ocrx_word' id='word_1_88' title='bbox 185 1324 291 1389; x_wconf 91' lang='lat' dir='ltr'><strong>Isdem</strong></span> <span class='ocrx_word' id='word_1_89' title='bbox 314 1324 462 1407; x_wconf 88' lang='lat' dir='ltr'><strong>comitiis,</strong></span> <span class='ocrx_word' id='word_1_90' title='bbox 488 1346 570 1408; x_wconf 90' lang='lat' dir='ltr'><strong>quae</strong></span> <span class='ocrx_word' id='word_1_91' title='bbox 593 1324 699 1390; x_wconf 87' lang='lat' dir='ltr'><strong>calata</strong></span> <span class='ocrx_word' id='word_1_92' title='bbox 722 1325 878 1408; x_wconf 88' lang='lat' dir='ltr'><strong>appellari</strong></span> <span class='ocrx_word' id='word_1_93' title='bbox 902 1326 1053 1414; x_wconf 83' lang='lat' dir='ltr'><strong>diximus,</strong></span> <span class='ocrx_word' id='word_1_94' title='bbox 1075 1335 1106 1396; x_wconf 90' lang='lat' dir='ltr'><strong>et</strong></span> 
     </span>
     <span class='ocr_line' id='line_1_14' title="bbox 97 1413 1106 1485; baseline 0.003 -5"><span class='ocrx_word' id='word_1_95' title='bbox 97 1435 261 1480; x_wconf 85' lang='lat' dir='ltr'><strong>sacrorum</strong></span> <span class='ocrx_word' id='word_1_96' title='bbox 284 1413 457 1479; x_wconf 86' lang='lat' dir='ltr'><strong>detestatio</strong></span> <span class='ocrx_word' id='word_1_97' title='bbox 480 1420 514 1478; x_wconf 89' lang='lat' dir='ltr'><strong>et</strong></span> <span class='ocrx_word' id='word_1_98' title='bbox 536 1417 732 1478; x_wconf 88' lang='lat' dir='ltr'><strong>testamenta</strong></span> <span class='ocrx_word' id='word_1_99' title='bbox 753 1413 825 1478; x_wconf 88' lang='lat' dir='ltr'><strong>fieri</strong></span> <span class='ocrx_word' id='word_1_100' title='bbox 846 1415 1002 1481; x_wconf 88' lang='lat' dir='ltr'><strong>solebant.</strong></span> <span class='ocrx_word' id='word_1_101' title='bbox 1044 1422 1106 1485; x_wconf 85' lang='lat' dir='ltr'><strong>trie</strong></span> 
     </span>
     <span class='ocr_line' id='line_1_15' title="bbox 97 1502 1104 1587; baseline 0.007 -20"><span class='ocrx_word' id='word_1_102' title='bbox 97 1502 181 1567; x_wconf 92' lang='lat' dir='ltr'><strong>enim</strong></span> <span class='ocrx_word' id='word_1_103' title='bbox 214 1523 331 1587; x_wconf 83' lang='lat' dir='ltr'><strong>genere</strong></span> <span class='ocrx_word' id='word_1_104' title='bbox 357 1505 626 1568; x_wconf 88' lang='lat' dir='ltr'><strong>testamentorum</strong></span> <span class='ocrx_word' id='word_1_105' title='bbox 653 1502 752 1567; x_wconf 88' lang='lat' dir='ltr'><strong>fuisse</strong></span> <span class='ocrx_word' id='word_1_106' title='bbox 780 1505 974 1586; x_wconf 85' lang='lat' dir='ltr'><strong>accepimus:</strong></span> <span class='ocrx_word' id='word_1_107' title='bbox 1005 1529 1104 1578; x_wconf 89' lang='lat' dir='ltr'><strong>unum</strong></span> 
     </span>
     <span class='ocr_line' id='line_1_16' title="bbox 97 1591 1105 1676; baseline 0.007 -21"><span class='ocrx_word' id='word_1_108' title='bbox 97 1591 182 1675; x_wconf 89' lang='lat' dir='ltr'><strong>quod</strong></span> <span class='ocrx_word' id='word_1_109' title='bbox 203 1591 315 1655; x_wconf 89' lang='lat' dir='ltr'><strong>calatis</strong></span> <span class='ocrx_word' id='word_1_110' title='bbox 335 1591 475 1656; x_wconf 89' lang='lat' dir='ltr'><strong>comitiis</strong></span> <span class='ocrx_word' id='word_1_111' title='bbox 493 1591 528 1656; x_wconf 92' lang='lat' dir='ltr'><strong>in</strong></span> <span class='ocrx_word' id='word_1_112' title='bbox 546 1591 659 1674; x_wconf 92' lang='lat' dir='ltr'><strong>populi</strong></span> <span class='ocrx_word' id='word_1_113' title='bbox 678 1592 826 1656; x_wconf 88' lang='lat' dir='ltr'><strong>contione</strong></span> <span class='ocrx_word' id='word_1_114' title='bbox 844 1591 945 1676; x_wconf 87' lang='lat' dir='ltr'><strong>tieret,</strong></span> <span class='ocrx_word' id='word_1_115' title='bbox 968 1595 1105 1662; x_wconf 89' lang='lat' dir='ltr'><strong>alterum</strong></span> 
     </span>
     <span class='ocr_line' id='line_1_17' title="bbox 96 1678 1105 1763; baseline 0.009 -20"><span class='ocrx_word' id='word_1_116' title='bbox 96 1679 129 1743; x_wconf 92' lang='lat' dir='ltr'><strong>in</strong></span> <span class='ocrx_word' id='word_1_117' title='bbox 148 1681 323 1763; x_wconf 88' lang='lat' dir='ltr'><strong>procinctu,</strong></span> <span class='ocrx_word' id='word_1_118' title='bbox 346 1702 417 1745; x_wconf 90' lang='lat' dir='ltr'><strong>oum</strong></span> <span class='ocrx_word' id='word_1_119' title='bbox 437 1679 497 1744; x_wconf 84' lang='lat' dir='ltr'><strong>viri</strong></span> <span class='ocrx_word' id='word_1_120' title='bbox 516 1679 556 1743; x_wconf 90' lang='lat' dir='ltr'><strong>ad</strong></span> <span class='ocrx_word' id='word_1_121' title='bbox 575 1679 733 1763; x_wconf 88' lang='lat' dir='ltr'><strong>proelium</strong></span> <span class='ocrx_word' id='word_1_122' title='bbox 750 1678 931 1745; x_wconf 84' lang='lat' dir='ltr'><strong>faciendum</strong></span> <span class='ocrx_word' id='word_1_123' title='bbox 950 1683 984 1748; x_wconf 91' lang='lat' dir='ltr'><strong>in</strong></span> <span class='ocrx_word' id='word_1_124' title='bbox 1004 1687 1105 1751; x_wconf 87' lang='lat' dir='ltr'><strong>aciem</strong></span> 
     </span>
     <span class='ocr_line' id='line_1_18' title="bbox 95 1767 1105 1858; baseline 0.009 -29"><span class='ocrx_word' id='word_1_125' title='bbox 95 1768 308 1849; x_wconf 83' lang='lat' dir='ltr'><strong>vocabantur,</strong></span> <span class='ocrx_word' id='word_1_126' title='bbox 335 1769 466 1833; x_wconf 87' lang='lat' dir='ltr'><strong>tertium</strong></span> <span class='ocrx_word' id='word_1_127' title='bbox 493 1791 552 1853; x_wconf 88' lang='lat' dir='ltr'><strong>per</strong></span> <span class='ocrx_word' id='word_1_128' title='bbox 575 1767 718 1834; x_wconf 80' lang='lat' dir='ltr'><strong>familiae</strong></span> <span class='ocrx_word' id='word_1_129' title='bbox 740 1768 1028 1858; x_wconf 86' lang='lat' dir='ltr'><strong>mancipationem,</strong></span> <span class='ocrx_word' id='word_1_130' title='bbox 1056 1776 1105 1840; x_wconf 91' lang='lat' dir='ltr'><strong>oui</strong></span> 
     </span>
     <span class='ocr_line' id='line_1_19' title="bbox 96 1857 552 1923; baseline 0.004 -3"><span class='ocrx_word' id='word_1_131' title='bbox 96 1879 150 1920; x_wconf 88' lang='lat' dir='ltr'><strong>aes</strong></span> <span class='ocrx_word' id='word_1_132' title='bbox 174 1863 206 1922; x_wconf 87' lang='lat' dir='ltr'><strong>et</strong></span> <span class='ocrx_word' id='word_1_133' title='bbox 229 1857 313 1921; x_wconf 91' lang='lat' dir='ltr'><strong>libra</strong></span> <span class='ocrx_word' id='word_1_134' title='bbox 335 1857 552 1923; x_wconf 88' lang='lat' dir='ltr'><strong>adhiberetur.</strong></span> 
     </span>
    </p>

    <p class='ocr_par' dir='ltr' id='par_1_5' title="bbox 87 1943 1108 3621">
     <span class='ocr_line' id='line_1_20' title="bbox 187 1943 1106 2033; baseline 0.007 -22"><span class='ocrx_word' id='word_1_135' title='bbox 187 1943 228 2011; x_wconf 66' lang='lat'><strong>1¹³.</strong></span> <span class='ocrx_word' id='word_1_136' title='bbox 248 1945 319 2011; x_wconf 80' lang='lat' dir='ltr'><strong>Gai.</strong></span> <span class='ocrx_word' id='word_1_137' title='bbox 328 1945 370 2027; x_wconf 92' lang='lat' dir='ltr'><strong>II,</strong></span> <span class='ocrx_word' id='word_1_138' title='bbox 383 1947 442 2012; x_wconf 92' lang='lat'><strong>101</strong></span> <span class='ocrx_word' id='word_1_139' title='bbox 455 1969 500 2031; x_wconf 88' lang='lat' dir='ltr'><strong>sq.</strong></span> <span class='ocrx_word' id='word_1_140' title='bbox 515 1983 552 1994; x_wconf 95' lang='lat'><em>-</em></span> <span class='ocrx_word' id='word_1_141' title='bbox 567 1945 849 2011; x_wconf 84' lang='lat' dir='ltr'><strong>Testamentorum</strong></span> <span class='ocrx_word' id='word_1_142' title='bbox 865 1953 972 2012; x_wconf 85' lang='lat' dir='ltr'><strong>autem</strong></span> <span class='ocrx_word' id='word_1_143' title='bbox 988 1970 1106 2033; x_wconf 82' lang='lat' dir='ltr'><strong>genere</strong></span> 
     </span>
     <span class='ocr_line' id='line_1_21' title="bbox 95 2033 1105 2105; baseline 0.007 -6"><span class='ocrx_word' id='word_1_144' title='bbox 95 2034 189 2100; x_wconf 89' lang='lat' dir='ltr'><strong>initio</strong></span> <span class='ocrx_word' id='word_1_145' title='bbox 204 2035 266 2100; x_wconf 89' lang='lat' dir='ltr'><strong>duo</strong></span> <span class='ocrx_word' id='word_1_146' title='bbox 280 2033 425 2099; x_wconf 88' lang='lat' dir='ltr'><strong>fuerunt:</strong></span> <span class='ocrx_word' id='word_1_147' title='bbox 440 2057 515 2100; x_wconf 90' lang='lat' dir='ltr'><strong>num</strong></span> <span class='ocrx_word' id='word_1_148' title='bbox 530 2040 587 2099; x_wconf 90' lang='lat' dir='ltr'><strong>aut</strong></span> <span class='ocrx_word' id='word_1_149' title='bbox 601 2034 715 2099; x_wconf 86' lang='lat' dir='ltr'><strong>calatis</strong></span> <span class='ocrx_word' id='word_1_150' title='bbox 727 2035 865 2099; x_wconf 87' lang='lat' dir='ltr'><strong>comitiis</strong></span> <span class='ocrx_word' id='word_1_151' title='bbox 876 2042 1105 2105; x_wconf 88' lang='lat' dir='ltr'><strong>testamentum</strong></span> 
     </span>
     <span class='ocr_line' id='line_1_22' title="bbox 94 2123 1106 2209; baseline 0.005 -21"><span class='ocrx_word' id='word_1_152' title='bbox 94 2124 272 2206; x_wconf 83' lang='lat' dir='ltr'><strong>faciebant,</strong></span> <span class='ocrx_word' id='word_1_153' title='bbox 299 2146 381 2209; x_wconf 88' lang='lat' dir='ltr'><strong>quae</strong></span> <span class='ocrx_word' id='word_1_154' title='bbox 407 2123 539 2188; x_wconf 90' lang='lat' dir='ltr'><strong>comitia</strong></span> <span class='ocrx_word' id='word_1_155' title='bbox 563 2124 612 2187; x_wconf 91' lang='lat' dir='ltr'><strong>bis</strong></span> <span class='ocrx_word' id='word_1_156' title='bbox 636 2123 671 2187; x_wconf 92' lang='lat' dir='ltr'><strong>in</strong></span> <span class='ocrx_word' id='word_1_157' title='bbox 694 2145 779 2188; x_wconf 88' lang='lat' dir='ltr'><strong>anno</strong></span> <span class='ocrx_word' id='word_1_158' title='bbox 803 2126 1007 2191; x_wconf 83' lang='lat' dir='ltr'><strong>testamentis</strong></span> <span class='ocrx_word' id='word_1_159' title='bbox 1030 2127 1106 2194; x_wconf 83' lang='lat' dir='ltr'><strong>faoi·</strong></span> 
     </span>
     <span class='ocr_line' id='line_1_23' title="bbox 94 2211 1106 2296; baseline 0.005 -19"><span class='ocrx_word' id='word_1_160' title='bbox 94 2214 185 2278; x_wconf 90' lang='lat' dir='ltr'><strong>endis</strong></span> <span class='ocrx_word' id='word_1_161' title='bbox 214 2213 376 2277; x_wconf 88' lang='lat' dir='ltr'><strong>destinata</strong></span> <span class='ocrx_word' id='word_1_162' title='bbox 404 2217 509 2293; x_wconf 88' lang='lat' dir='ltr'><strong>erant,</strong></span> <span class='ocrx_word' id='word_1_163' title='bbox 542 2217 597 2275; x_wconf 90' lang='lat' dir='ltr'><strong>aut</strong></span> <span class='ocrx_word' id='word_1_164' title='bbox 624 2212 657 2275; x_wconf 93' lang='lat' dir='ltr'><strong>iu</strong></span> <span class='ocrx_word' id='word_1_165' title='bbox 686 2211 865 2296; x_wconf 87' lang='lat' dir='ltr'><strong>procinctu,</strong></span> <span class='ocrx_word' id='word_1_166' title='bbox 896 2214 928 2277; x_wconf 92' lang='lat' dir='ltr'><strong>id</strong></span> <span class='ocrx_word' id='word_1_167' title='bbox 956 2221 1005 2279; x_wconf 88' lang='lat' dir='ltr'><strong>est</strong></span> <span class='ocrx_word' id='word_1_168' title='bbox 1034 2239 1106 2282; x_wconf 89' lang='lat' dir='ltr'><strong>cum</strong></span> 
     </span>
     <span class='ocr_line' id='line_1_24' title="bbox 96 2301 1107 2384; baseline 0.004 -18"><span class='ocrx_word' id='word_1_169' title='bbox 96 2302 174 2366; x_wconf 89' lang='lat' dir='ltr'><strong>belli</strong></span> <span class='ocrx_word' id='word_1_170' title='bbox 202 2322 299 2366; x_wconf 86' lang='lat' dir='ltr'><strong>causa</strong></span> <span class='ocrx_word' id='word_1_171' title='bbox 327 2322 418 2364; x_wconf 89' lang='lat' dir='ltr'><strong>arma</strong></span> <span class='ocrx_word' id='word_1_172' title='bbox 446 2301 629 2382; x_wconf 86' lang='lat' dir='ltr'><strong>sumebant;</strong></span> <span class='ocrx_word' id='word_1_173' title='bbox 656 2301 840 2384; x_wconf 88' lang='lat' dir='ltr'><strong>procinctus</strong></span> <span class='ocrx_word' id='word_1_174' title='bbox 869 2312 918 2367; x_wconf 89' lang='lat' dir='ltr'><strong>est</strong></span> <span class='ocrx_word' id='word_1_175' title='bbox 945 2305 1031 2369; x_wconf 89' lang='lat' dir='ltr'><strong>enim</strong></span> <span class='ocrx_word' id='word_1_176' title='bbox 1056 2329 1107 2370; x_wconf 88' lang='lat' dir='ltr'><strong>ex·</strong></span> 
     </span>
     <span class='ocr_line' id='line_1_25' title="bbox 96 2389 1107 2478; baseline 0.005 -24"><span class='ocrx_word' id='word_1_177' title='bbox 96 2390 224 2474; x_wconf 82' lang='lat' dir='ltr'><strong>peditus</strong></span> <span class='ocrx_word' id='word_1_178' title='bbox 249 2395 282 2453; x_wconf 88' lang='lat' dir='ltr'><strong>et</strong></span> <span class='ocrx_word' id='word_1_179' title='bbox 305 2393 446 2453; x_wconf 87' lang='lat' dir='ltr'><strong>armatus</strong></span> <span class='ocrx_word' id='word_1_180' title='bbox 471 2389 637 2452; x_wconf 85' lang='lat' dir='ltr'><strong>exercitus.</strong></span> <span class='ocrx_word' id='word_1_181' title='bbox 679 2389 814 2454; x_wconf 85' lang='lat' dir='ltr'><strong>aiterum</strong></span> <span class='ocrx_word' id='word_1_182' title='bbox 838 2391 947 2475; x_wconf 85' lang='lat' dir='ltr'><strong>itaque</strong></span> <span class='ocrx_word' id='word_1_183' title='bbox 970 2394 1004 2456; x_wconf 92' lang='lat' dir='ltr'><strong>in</strong></span> <span class='ocrx_word' id='word_1_184' title='bbox 1027 2417 1107 2478; x_wconf 86' lang='lat' dir='ltr'><strong>pace</strong></span> 
     </span>
     <span class='ocr_line' id='line_1_26' title="bbox 96 2476 1107 2562; baseline 0.007 -21"><span class='ocrx_word' id='word_1_185' title='bbox 96 2491 129 2541; x_wconf 83' lang='lat' dir='ltr'><strong>et</strong></span> <span class='ocrx_word' id='word_1_186' title='bbox 165 2478 199 2542; x_wconf 92' lang='lat' dir='ltr'><strong>in</strong></span> <span class='ocrx_word' id='word_1_187' title='bbox 235 2476 303 2542; x_wconf 92' lang='lat' dir='ltr'><strong>otio</strong></span> <span class='ocrx_word' id='word_1_188' title='bbox 341 2477 514 2558; x_wconf 88' lang='lat' dir='ltr'><strong>faciebant,</strong></span> <span class='ocrx_word' id='word_1_189' title='bbox 551 2477 688 2541; x_wconf 88' lang='lat' dir='ltr'><strong>alterum</strong></span> <span class='ocrx_word' id='word_1_190' title='bbox 722 2477 755 2541; x_wconf 92' lang='lat' dir='ltr'><strong>in</strong></span> <span class='ocrx_word' id='word_1_191' title='bbox 787 2478 947 2562; x_wconf 90' lang='lat' dir='ltr'><strong>proelium</strong></span> <span class='ocrx_word' id='word_1_192' title='bbox 980 2483 1107 2548; x_wconf 83' lang='lat' dir='ltr'><strong>exituri.</strong></span> 
     </span>
     <span class='ocr_line' id='line_1_27' title="bbox 96 2564 1108 2655; baseline 0.005 -24"><span class='ocrx_word' id='word_1_193' title='bbox 96 2566 234 2631; x_wconf 86' lang='lat' dir='ltr'><strong>accessit</strong></span> <span class='ocrx_word' id='word_1_194' title='bbox 265 2564 378 2629; x_wconf 84' lang='lat' dir='ltr'><strong>deinde</strong></span> <span class='ocrx_word' id='word_1_195' title='bbox 410 2566 542 2630; x_wconf 88' lang='lat' dir='ltr'><strong>tertium</strong></span> <span class='ocrx_word' id='word_1_196' title='bbox 574 2585 675 2650; x_wconf 83' lang='lat' dir='ltr'><strong>genus</strong></span> <span class='ocrx_word' id='word_1_197' title='bbox 703 2569 903 2652; x_wconf 86' lang='lat' dir='ltr'><strong>testamenti,</strong></span> <span class='ocrx_word' id='word_1_198' title='bbox 936 2570 1022 2653; x_wconf 90' lang='lat' dir='ltr'><strong>quod</strong></span> <span class='ocrx_word' id='word_1_199' title='bbox 1051 2594 1108 2655; x_wconf 89' lang='lat' dir='ltr'><strong>per</strong></span> 
     </span>
     <span class='ocr_line' id='line_1_28' title="bbox 97 2653 1108 2746; baseline 0.006 -28"><span class='ocrx_word' id='word_1_200' title='bbox 97 2675 153 2718; x_wconf 87' lang='lat' dir='ltr'><strong>aes</strong></span> <span class='ocrx_word' id='word_1_201' title='bbox 172 2657 205 2718; x_wconf 92' lang='lat' dir='ltr'><strong>et</strong></span> <span class='ocrx_word' id='word_1_202' title='bbox 223 2653 337 2718; x_wconf 88' lang='lat' dir='ltr'><strong>libram</strong></span> <span class='ocrx_word' id='word_1_203' title='bbox 358 2653 475 2738; x_wconf 80' lang='lat' dir='ltr'><strong>agitur.</strong></span> <span class='ocrx_word' id='word_1_204' title='bbox 517 2655 691 2739; x_wconf 81' lang='lat' dir='ltr'><strong>quinoque</strong></span> <span class='ocrx_word' id='word_1_205' title='bbox 711 2655 824 2720; x_wconf 88' lang='lat' dir='ltr'><strong>calatis</strong></span> <span class='ocrx_word' id='word_1_206' title='bbox 843 2658 985 2722; x_wconf 87' lang='lat' dir='ltr'><strong>comitiis</strong></span> <span class='ocrx_word' id='word_1_207' title='bbox 1003 2680 1108 2746; x_wconf 90' lang='lat' dir='ltr'><strong>neque</strong></span> 
     </span>
     <span class='ocr_line' id='line_1_29' title="bbox 97 2743 1108 2827; baseline 0.005 -20"><span class='ocrx_word' id='word_1_208' title='bbox 97 2744 132 2807; x_wconf 88' lang='lat' dir='ltr'><strong>in</strong></span> <span class='ocrx_word' id='word_1_209' title='bbox 159 2743 325 2827; x_wconf 86' lang='lat' dir='ltr'><strong>procinctu</strong></span> <span class='ocrx_word' id='word_1_210' title='bbox 353 2746 582 2808; x_wconf 87' lang='lat' dir='ltr'><strong>testamentum</strong></span> <span class='ocrx_word' id='word_1_211' title='bbox 606 2743 741 2826; x_wconf 82' lang='lat' dir='ltr'><strong>fecerat,</strong></span> <span class='ocrx_word' id='word_1_212' title='bbox 768 2744 796 2809; x_wconf 92' lang='lat' dir='ltr'><strong>is</strong></span> <span class='ocrx_word' id='word_1_213' title='bbox 820 2746 847 2809; x_wconf 89' lang='lat' dir='ltr'><strong>si</strong></span> <span class='ocrx_word' id='word_1_214' title='bbox 871 2747 978 2810; x_wconf 88' lang='lat' dir='ltr'><strong>subita</strong></span> <span class='ocrx_word' id='word_1_215' title='bbox 1002 2757 1108 2814; x_wconf 85' lang='lat' dir='ltr'><strong>morte</strong></span> 
     </span>
     <span class='ocr_line' id='line_1_30' title="bbox 97 2831 1108 2918; baseline 0.006 -22"><span class='ocrx_word' id='word_1_216' title='bbox 97 2832 305 2917; x_wconf 81' lang='lat' dir='ltr'><strong>urguebatur,</strong></span> <span class='ocrx_word' id='word_1_217' title='bbox 329 2831 432 2897; x_wconf 91' lang='lat' dir='ltr'><strong>amico</strong></span> <span class='ocrx_word' id='word_1_218' title='bbox 451 2832 610 2896; x_wconf 89' lang='lat' dir='ltr'><strong>familiam</strong></span> <span class='ocrx_word' id='word_1_219' title='bbox 630 2854 730 2916; x_wconf 88' lang='lat' dir='ltr'><strong>suam,</strong></span> <span class='ocrx_word' id='word_1_220' title='bbox 754 2833 787 2898; x_wconf 93' lang='lat' dir='ltr'><strong>id</strong></span> <span class='ocrx_word' id='word_1_221' title='bbox 806 2839 856 2898; x_wconf 88' lang='lat' dir='ltr'><strong>est</strong></span> <span class='ocrx_word' id='word_1_222' title='bbox 875 2834 1108 2918; x_wconf 88' lang='lat' dir='ltr'><strong>patrimonium</strong></span> 
     </span>
     <span class='ocr_line' id='line_1_31' title="bbox 98 2919 1106 3010; baseline 0.005 -25"><span class='ocrx_word' id='word_1_223' title='bbox 98 2941 205 3002; x_wconf 88' lang='lat' dir='ltr'><strong>sunm,</strong></span> <span class='ocrx_word' id='word_1_224' title='bbox 233 2919 394 3005; x_wconf 89' lang='lat' dir='ltr'><strong>mancipio</strong></span> <span class='ocrx_word' id='word_1_225' title='bbox 419 2920 530 3003; x_wconf 88' lang='lat' dir='ltr'><strong>dabat,</strong></span> <span class='ocrx_word' id='word_1_226' title='bbox 559 2942 694 3004; x_wconf 91' lang='lat' dir='ltr'><strong>eumque</strong></span> <span class='ocrx_word' id='word_1_227' title='bbox 717 2923 868 3006; x_wconf 80' lang='lat' dir='ltr'><strong>rogabat,</strong></span> <span class='ocrx_word' id='word_1_228' title='bbox 890 2923 966 3007; x_wconf 90' lang='lat' dir='ltr'><strong>quid</strong></span> <span class='ocrx_word' id='word_1_229' title='bbox 991 2926 1106 3010; x_wconf 86' lang='lat' dir='ltr'><strong>cuique</strong></span> 
     </span>
     <span class='ocr_line' id='line_1_32' title="bbox 97 3009 1108 3094; baseline 0.006 -20"><span class='ocrx_word' id='word_1_230' title='bbox 97 3012 323 3094; x_wconf 89' lang='lat' dir='ltr'><strong>postmortem</strong></span> <span class='ocrx_word' id='word_1_231' title='bbox 339 3031 430 3073; x_wconf 87' lang='lat' dir='ltr'><strong>suam</strong></span> <span class='ocrx_word' id='word_1_232' title='bbox 441 3010 508 3073; x_wconf 88' lang='lat' dir='ltr'><strong>dari</strong></span> <span class='ocrx_word' id='word_1_233' title='bbox 519 3009 623 3074; x_wconf 86' lang='lat' dir='ltr'><strong>vellet.</strong></span> <span class='ocrx_word' id='word_1_234' title='bbox 655 3009 741 3093; x_wconf 90' lang='lat' dir='ltr'><strong>quod</strong></span> <span class='ocrx_word' id='word_1_235' title='bbox 751 3015 979 3076; x_wconf 86' lang='lat' dir='ltr'><strong>testamentum</strong></span> <span class='ocrx_word' id='word_1_236' title='bbox 990 3013 1108 3079; x_wconf 88' lang='lat' dir='ltr'><strong>dicitur</strong></span> 
     </span>
     <span class='ocr_line' id='line_1_33' title="bbox 97 3098 1107 3184; baseline 0.006 -23"><span class='ocrx_word' id='word_1_237' title='bbox 97 3118 156 3181; x_wconf 86' lang='lat' dir='ltr'><strong>per</strong></span> <span class='ocrx_word' id='word_1_238' title='bbox 187 3118 240 3161; x_wconf 89' lang='lat' dir='ltr'><strong>aes</strong></span> <span class='ocrx_word' id='word_1_239' title='bbox 273 3102 305 3162; x_wconf 89' lang='lat' dir='ltr'><strong>ct</strong></span> <span class='ocrx_word' id='word_1_240' title='bbox 333 3098 462 3177; x_wconf 90' lang='lat' dir='ltr'><strong>libram,</strong></span> <span class='ocrx_word' id='word_1_241' title='bbox 496 3098 620 3163; x_wconf 87' lang='lat' dir='ltr'><strong>scilicet</strong></span> <span class='ocrx_word' id='word_1_242' title='bbox 647 3099 722 3181; x_wconf 85' lang='lat' dir='ltr'><strong>quia</strong></span> <span class='ocrx_word' id='word_1_243' title='bbox 749 3120 806 3182; x_wconf 91' lang='lat' dir='ltr'><strong>per</strong></span> <span class='ocrx_word' id='word_1_244' title='bbox 835 3101 1107 3184; x_wconf 87' lang='lat' dir='ltr'><strong>mancipationem</strong></span> 
     </span>
     <span class='ocr_line' id='line_1_34' title="bbox 96 3186 1106 3273; baseline 0.006 -23"><span class='ocrx_word' id='word_1_245' title='bbox 96 3186 263 3271; x_wconf 82' lang='lat' dir='ltr'><strong>peragitur</strong></span> <span class='ocrx_word' id='word_1_246' title='bbox 373 3209 450 3250; x_wconf 87' lang='lat' dir='ltr'><strong>sane</strong></span> <span class='ocrx_word' id='word_1_247' title='bbox 478 3209 561 3251; x_wconf 91' lang='lat' dir='ltr'><strong>nnnc</strong></span> <span class='ocrx_word' id='word_1_248' title='bbox 589 3186 687 3250; x_wconf 88' lang='lat' dir='ltr'><strong>aliter</strong></span> <span class='ocrx_word' id='word_1_249' title='bbox 714 3186 881 3252; x_wconf 89' lang='lat' dir='ltr'><strong>ordinatur</strong></span> <span class='ocrx_word' id='word_1_250' title='bbox 906 3211 1004 3273; x_wconf 86' lang='lat' dir='ltr'><strong>quam</strong></span> <span class='ocrx_word' id='word_1_251' title='bbox 1028 3192 1106 3256; x_wconf 90' lang='lat' dir='ltr'><strong>olim</strong></span> 
     </span>
     <span class='ocr_line' id='line_1_35' title="bbox 99 3274 1107 3364; baseline 0.006 -25"><span class='ocrx_word' id='word_1_252' title='bbox 99 3274 232 3341; x_wconf 87' lang='lat' dir='ltr'><strong>solebat.</strong></span> <span class='ocrx_word' id='word_1_253' title='bbox 277 3297 416 3360; x_wconf 85' lang='lat' dir='ltr'><strong>namque</strong></span> <span class='ocrx_word' id='word_1_254' title='bbox 444 3275 522 3340; x_wconf 93' lang='lat' dir='ltr'><strong>olim</strong></span> <span class='ocrx_word' id='word_1_255' title='bbox 545 3275 688 3339; x_wconf 86' lang='lat' dir='ltr'><strong>familiae</strong></span> <span class='ocrx_word' id='word_1_256' title='bbox 712 3280 851 3357; x_wconf 88' lang='lat' dir='ltr'><strong>emptor,</strong></span> <span class='ocrx_word' id='word_1_257' title='bbox 880 3278 911 3340; x_wconf 91' lang='lat' dir='ltr'><strong>id</strong></span> <span class='ocrx_word' id='word_1_258' title='bbox 935 3285 985 3342; x_wconf 84' lang='lat' dir='ltr'><strong>est</strong></span> <span class='ocrx_word' id='word_1_259' title='bbox 1008 3282 1107 3364; x_wconf 86' lang='lat' dir='ltr'><strong>quia</strong></span> 
     </span>
     <span class='ocr_line' id='line_1_36' title="bbox 98 3363 1107 3448; baseline 0.006 -22"><span class='ocrx_word' id='word_1_260' title='bbox 98 3367 252 3429; x_wconf 90' lang='lat' dir='ltr'><strong>testatore</strong></span> <span class='ocrx_word' id='word_1_261' title='bbox 284 3363 441 3427; x_wconf 87' lang='lat' dir='ltr'><strong>familiam</strong></span> <span class='ocrx_word' id='word_1_262' title='bbox 475 3364 597 3446; x_wconf 88' lang='lat' dir='ltr'><strong>accepit</strong></span> <span class='ocrx_word' id='word_1_263' title='bbox 630 3365 803 3448; x_wconf 87' lang='lat' dir='ltr'><strong>mancipio,</strong></span> <span class='ocrx_word' id='word_1_264' title='bbox 840 3366 967 3430; x_wconf 85' lang='lat' dir='ltr'><strong>heredis</strong></span> <span class='ocrx_word' id='word_1_265' title='bbox 987 3369 1107 3434; x_wconf 86' lang='lat' dir='ltr'><strong>¹locum</strong></span> 
     </span>
     <span class='ocr_line' id='line_1_37' title="bbox 99 3453 1107 3540; baseline 0.005 -23"><span class='ocrx_word' id='word_1_266' title='bbox 99 3453 267 3535; x_wconf 82' lang='lat' dir='ltr'><strong>optinebat</strong></span> <span class='ocrx_word' id='word_1_267' title='bbox 289 3463 321 3515; x_wconf 90' lang='lat' dir='ltr'><strong>et</strong></span> <span class='ocrx_word' id='word_1_268' title='bbox 346 3455 385 3517; x_wconf 88' lang='lat' dir='ltr'><strong>ob</strong></span> <span class='ocrx_word' id='word_1_269' title='bbox 410 3455 441 3515; x_wconf 89' lang='lat' dir='ltr'><strong>id</strong></span> <span class='ocrx_word' id='word_1_270' title='bbox 466 3455 495 3516; x_wconf 93' lang='lat' dir='ltr'><strong>ei</strong></span> <span class='ocrx_word' id='word_1_271' title='bbox 519 3453 693 3516; x_wconf 87' lang='lat' dir='ltr'><strong>mandabat</strong></span> <span class='ocrx_word' id='word_1_272' title='bbox 716 3456 867 3536; x_wconf 85' lang='lat' dir='ltr'><strong>testator,</strong></span> <span class='ocrx_word' id='word_1_273' title='bbox 894 3455 970 3538; x_wconf 89' lang='lat' dir='ltr'><strong>quid</strong></span> <span class='ocrx_word' id='word_1_274' title='bbox 993 3456 1107 3540; x_wconf 87' lang='lat' dir='ltr'><strong>cuique</strong></span> 
     </span>
     <span class='ocr_line' id='line_1_38' title="bbox 87 3541 670 3621; baseline 0.002 -17"><span class='ocrx_word' id='word_1_275' title='bbox 87 3546 330 3621; x_wconf 84' lang='lat' dir='ltr'><strong>postmortem</strong></span> <span class='ocrx_word' id='word_1_276' title='bbox 355 3563 446 3605; x_wconf 86' lang='lat' dir='ltr'><strong>snam</strong></span> <span class='ocrx_word' id='word_1_277' title='bbox 471 3541 541 3607; x_wconf 89' lang='lat' dir='ltr'><strong>dari</strong></span> <span class='ocrx_word' id='word_1_278' title='bbox 564 3542 670 3606; x_wconf 86' lang='lat' dir='ltr'><strong>vellet.</strong></span> 
     </span>
    </p>
   </div>
   <div class='ocr_carea' id='block_1_3' title="bbox 0 0 1216 3840">
    <p class='ocr_par' dir='ltr' id='par_1_6' title="bbox 0 0 1216 3840">
     <span class='ocr_line' id='line_1_39' title="bbox 0 0 1216 3840; baseline 0 0"><span class='ocrx_word' id='word_1_279' title='bbox 0 0 1216 3840; x_wconf 95' lang='lat' dir='ltr'><strong> </strong></span> 
     </span>
    </p>
   </div>
  </div>
 </body>
</html>
