2422 3840
312 163 338 217 8.
365 161 516 217 SERVIUS
536 159 720 216 SULPICIUS
738 160 856 216 RUFUS
1029 158 1091 222 183

39 348 42 353 ·
172 325 224 390 47.
256 321 297 391 Ι).
317 325 369 409 31,
389 326 440 390 74,
471 324 560 389 Idem
584 321 809 410 (Papinianus)
832 323 916 388 libro
940 323 1091 388 vicesimo

94 422 221 506 septimo
253 421 487 500 Quaestionum
519 421 570 507 (P.
593 419 681 508 330).
732 421 832 486 ‘Titio
860 410 965 486 Hs'o‘1
998 420 1091 485 heres

91 532 235 594 praesens
260 509 365 576 dato':
395 511 508 576 deinde
531 511 667 595 protulit
690 510 773 573 diem
795 511 985 594 legatorum.
1026 531 1092 573 non

91 603 133 663 est
167 621 300 685 verum,
336 601 421 685 quod
454 600 588 671 Alfenus
626 597 799 681 <Serrium
831 597 1090 681 respondisset>

31 702 33 737 Ι
84 688 369 842 iiiffiitinienium
391 688 554 773 praesenti
578 687 696 767 deberi,
719 686 795 770 quia
818 686 903 750 diem
925 687 1091 771 proprium

169 892 187 948 1
214 889 332 949 Treboa.
355 892 475 949 centum
498 906 613 947 aurcos.

169 1008 223 1072 48.
247 1007 286 1072 D.
302 1007 441 1091 30‚106.
467 1006 604 1072 Alfenus
618 1005 725 1071 Varus
739 1007 823 1071 libro
839 1006 978 1070 secundo
992 1004 1090 1089 Dige-

79 1100 208 1161 storum
223 1117 242 1160 a
255 1093 358 1160 Paulo
372 1097 624 1178 epitomatorum
641 1095 688 1178 (P.
699 1091 766 1181 37).
800 1094 834 1160 si
847 1096 881 1158 in
895 1098 1090 1160 testamento

79 1185 240 1268 scripturn
269 1188 368 1249 esset:
396 1183 504 1249 ‘heres
531 1207 621 1249 meus
650 1188 778 1248 centum
802 1183 926 1248 Licinio
955 1184 1090 1248 damnas

78 1272 165 1338 esto'
183 1295 287 1357 neque
302 1272 525 1355 adscripsisset
542 1271 652 1357 ‘dar-c,
671 1273 779 1336 deberi
793 1274 935 1357 legatum
950 1276 1089 1336 constat.

169 1391 282 1453 Vocem
315 1386 463 1453 ‘constat'
493 1393 666 1452 Tribunicni
699 1411 763 1452 csse
796 1395 935 1469 apparet,
968 1392 1021 1469 qui
1053 1393 1091 1451 ad

77 1477 226 1542 ‘eentum’
250 1481 343 1540 etiam
365 1475 493 1541 ‘aureos'
513 1481 635 1540 addidit.
677 1482 805 1540 Paulum
825 1475 937 1541 ‘deberi
956 1483 1090 1559 legatum

76 1571 205 1631 Servius
228 1565 393 1648 respondit’
418 1571 570 1646 scripsisse
593 1573 676 1645 puto.

169 1690 223 1757 49.
246 1688 285 1755 D.
300 1689 352 1770 30,
366 1689 409 1754 30
419 1711 466 1772 pr.
486 1690 550 1770 §Z
579 1686 738 1772 Ulpianus
759 1690 842 1753 libro
861 1711 947 1754 nono
967 1689 1089 1754 decimo

77 1777 121 1842 ad
151 1775 306 1843 Sabinum
335 1775 383 1862 (P.
406 1777 536 1863 uben).
664 1776 760 1861 ‘quas
792 1779 943 1861 pecunias
975 1777 1091 1862 legavi,

78 1867 198 1954 quibus
222 1866 290 1931 dies
314 1866 481 1950 adpositus
504 1889 567 1930 non
593 1870 652 1948 est,
676 1888 730 1930 eas
753 1866 846 1930 heres
871 1888 960 1930 meus
983 1888 1091 1930 annua

76 1957 170 2022 bima
197 1955 297 2020 trima
326 1954 377 2018 die
405 1955 502 2021 dato'.
549 2005 578 2020 ..
601 1954 676 2038 quid
700 1955 727 2018 si
751 1954 835 2019 forte
858 1958 986 2018 centum
1011 1956 1090 2018 mihi

76 2046 189 2130 legate
213 2047 290 2108 sunt
311 2045 503 2128 praesentia,
529 2048 637 2107 utrum
661 2065 767 2107 annua
790 2042 841 2106 die
864 2042 1027 2106 dabuntur
1049 2065 1089 2107 sn

77 2154 157 2198 vero
189 2131 396 2217 praesentia?
447 2138 479 2198 et
511 2133 557 2196 ait
585 2130 714 2196 Servius
743 2135 776 2195 et
802 2130 910 2195 Labeo
937 2151 1089 2215 praesens

77 2221 198 2287 deberi.

454 2334 498 2388 Dc
515 2349 609 2389 ammo
627 2335 722 2403 leuato.

170 2452 224 2518 50.
256 2450 295 2516 D.
320 2452 371 2532 33,
397 2453 425 2533 1,
448 2452 500 2516 22.
546 2451 683 2515 Alfenus
706 2450 813 2537 Varus
841 2450 924 2515 libro
950 2451 1089 2515 secundo

79 2541 290 2626 Digestorum
305 2563 324 2604 a
339 2540 440 2605 Paulo
456 2540 705 2625 epitomatorum
717 2537 767 2626 (P.
777 2538 843 2622 35).
868 2538 985 2603 ‘Filiae
1000 2561 1089 2604 meae

79 2631 345 2715 quotiescumque
374 2629 470 2693 vidua
498 2630 571 2710 erit,
598 2629 632 2692 in
661 2650 762 2693 annos
791 2628 936 2713 singulos
960 2633 1089 2693 centum

78 2720 174 2784 heres
198 2740 289 2783 meus
311 2717 415 2783 dato':
440 2717 612 2802 quaeritur,
636 2717 664 2780 si
681 2716 749 2781 filia
767 2718 873 2781 minus
893 2717 991 2780 annui
1009 2721 1089 2782 tem·

78 2809 169 2892 poris
192 2805 290 2872 vidus
312 2807 439 2888 fuisset,
466 2806 621 2890 numquid
648 2807 751 2869 minus
782 2805 812 2869 ei
839 2809 966 2869 centum
995 2806 1089 2869 debc-

78 2902 201 2962 rentur.
238 2895 408 2978 respondit
426 2895 489 2959 sibi
507 2895 617 2976 videri,
635 2894 766 2958 tametsi
784 2898 874 2959 totus
893 2915 995 2959 annus
1010 2916 1088 2959 non-

79 2985 156 3050 dum
180 2984 311 3061 fuisset,
333 2986 444 3048 tamen
466 2983 583 3047 deberi.

169 3104 238 3164 Vox
261 3097 557 3181 ‘quotiescunque'
579 3121 685 3162 vereor
706 3120 743 3160 ne
766 3102 949 3177 interpolata
972 3101 1021 3160 sit.

454 3308 498 3363 Dc
515 3309 603 3363 debito
623 3309 716 3377 leuato.

170 3425 223 3492 51.
255 3425 295 3490 D.
316 3425 368 3510 35,
389 3427 417 3508 1,
439 3426 492 3507 40,
511 3426 540 3490 3.
585 3424 673 3489 Idem
702 3419 901 3510 (Iavolenus)
930 3423 1013 3488 libro
1042 3446 1089 3489 se-

80 3515 188 3581 cundo
216 3536 256 3578 ex
281 3515 515 3597 posterioribus
538 3512 701 3580 Labeonis
724 3510 775 3603 (P.
793 3509 886 3602 Uibi.
932 3511 1101 3578 Dominus
