2422 3840
318 162 344 212 8.
370 156 523 212 SERVIUS
542 155 726 211 SULPICIUS
747 154 863 210 RUFUS
1034 157 1097 221 145

176 319 195 384 ἵ
211 368 242 385 ..
273 324 447 385 incredibile
480 332 525 384 est
558 370 604 399 ..‚
637 342 711 402 quas
743 324 817 381 mibi
848 325 961 400 gratias
994 345 1096 385 omnes

98 416 181 491 agant
199 460 206 474 .
222 459 229 472 .
245 461 252 472 .
271 413 307 473 de
329 412 364 473 L.
381 413 524 473 Mescinio
547 413 753 490 gratissimum
772 458 778 470 .
794 459 800 471 .
817 458 823 470 .
843 413 922 488 quod
945 414 1096 489 reliquum

95 505 148 581 est,
178 502 273 562 velim
301 520 412 579 augeas
439 506 494 562 tua
519 502 551 561 in
578 520 645 560 eum
669 500 812 560 beneficia
834 501 971 561 omnibus
996 503 1096 577 rebus,

95 594 212 667 queste
232 593 321 650 amnt
340 590 457 667 dignae.
495 593 565 649 sunt
584 590 652 666 duo,
671 608 745 664 quae
764 591 795 647 te
814 589 990 648 nominatim
1009 611 1095 669 rogo:

91 679 225 757 primum,
243 682 281 738 ut
298 680 325 737 si
342 679 414 757 qnid
434 679 506 738 satis
526 679 656 737 dandum
675 679 741 750 erit,
760 678 909 753 >amplius
928 698 961 737 eo
976 681 1094 739 nomine

89 787 143 827 non
160 768 242 844 peti<
261 786 356 841 cures,
374 772 410 827 ut
429 767 502 827 satis
517 768 603 827 detur
621 767 679 826 fide
698 785 772 825 mea.
811 766 925 842 deinde,
944 786 1010 826 cum
1032 770 1093 827 fere

88 857 230 917 consistat
251 857 403 916 hereditas
426 857 457 915 in
480 857 517 915 iis
539 857 637 931 rebus,
661 874 735 933 quas
755 855 865 913 avertit
888 853 993 933 Oppia,
1017 876 1093 933 quae

85 965 155 1004 uxor
183 945 292 1004 Mindii
319 946 391 1023 fuit,
424 944 547 1004 adiuves
574 945 714 1019 ineasque
749 944 908 1019 rationem,
938 964 1026 1021 quem
1055 946 1093 1003 ad

84 1034 204 1093 modum
227 1053 264 1092 ea
285 1034 394 1093 mulier
415 1034 541 1093 Romam
564 1034 743 1108 perducatur
766 1079 794 1090 ..

170 1122 235 1181 Nec
258 1122 507 1182 Lacedaemonios
530 1122 668 1181 dubitare
691 1121 832 1196 arbitror,
862 1122 934 1196 quin
956 1121 1014 1198 ipsi
1037 1141 1092 1181 sua

81 1211 289 1287 maiorumque
322 1230 444 1271 sucrum
475 1211 655 1271 auctoritate
688 1209 762 1268 satis
795 1210 993 1268 commendati
1030 1211 1091 1270 sint

80 1299 151 1359 fidei
179 1304 211 1359 et
237 1300 371 1359 iustitiae
397 1303 482 1375 tuae,
511 1304 541 1358 et
568 1318 636 1377 ego,
664 1299 717 1376 qni
744 1302 774 1356 te
798 1299 909 1374 optime
932 1299 1091 1377 novissem,

80 1408 142 1449 non
164 1388 312 1467 dubitavi,
336 1389 407 1466 quin
428 1388 485 1447 tibi
506 1389 664 1447 notissima
687 1390 718 1446 et
736 1387 804 1445 iura
822 1392 852 1445 et
871 1388 978 1447 merita
996 1407 1090 1463 popu·

79 1478 181 1536 lorum
203 1481 310 1536 essent.
351 1477 453 1553 itaque
476 1495 545 1535 cum
568 1496 586 1535 a
608 1495 655 1534 me
678 1479 794 1552 peteret
819 1475 974 1552 Philippus
997 1476 1090 1535 Lace-

34 1588 37 1593 ·
78 1566 272 1643 daemonius,
300 1568 336 1625 ut
363 1566 419 1624 tibi
442 1565 595 1625 civitatem
623 1565 873 1639 commendarem,
908 1565 965 1624 etsi
987 1567 1089 1624 memi-

77 1672 185 1713 neram
221 1673 269 1712 me
305 1653 333 1713 ei
372 1654 488 1715 civitati
520 1653 619 1712 omnia
657 1653 781 1727 debere,
817 1657 918 1711 tamen
950 1655 1090 1729 respondi

77 1743 336 1803 commendatione
352 1742 602 1802 Lacedaemonios
621 1742 702 1816 apud
720 1746 750 1799 te
774 1760 834 1799 ncn
852 1760 948 1818 egere.
986 1743 1089 1819 itaque

77 1834 121 1891 sic
144 1831 236 1891 velim
260 1831 418 1907 existimes,
443 1850 489 1889 me
513 1849 615 1890 omnes
634 1830 766 1888 Achaiae
786 1829 924 1888 civitates
948 1831 1089 1889 arbitrari

77 1939 133 1997 pro
161 1921 269 1980 horum
295 1923 462 1995 temporum
493 1919 718 1994 perturbatione
742 1917 858 1992 felices,
891 1919 970 1992 quod
993 1919 1030 1977 iis
1054 1924 1090 1978 tu

77 2010 196 2085 praesis
217 2054 225 2069 .
243 2053 249 2067 .
264 2002 282 2066 .'
307 2002 392 2088 (ibid.
414 2009 464 2081 13,
485 2001 549 2087 28).

169 2097 292 2157 Servius
329 2096 367 2155 ad
398 2095 571 2156 Ciceronem
606 2097 678 2154 baec
717 2093 822 2152 scribit
854 2085 942 2173 (ibid.
972 2096 1005 2168 4,
1041 2087 1088 2175 5):

79 2180 99 2245 ἵ
115 2230 146 2245 ..
176 2206 214 2245 ex
240 2186 315 2244 Asia
336 2186 467 2255 rediens,
499 2204 567 2243 cum
595 2184 632 2242 ab
661 2182 778 2261 Aegina
804 2182 955 2258 Megaram
984 2201 1089 2242 versus

78 2275 266 2353 navigarem,
284 2275 366 2349 coepi
385 2274 522 2351 regiones
541 2273 733 2332 circumcirca
752 2272 929 2346 prospicere.
959 2275 1028 2345 post
1042 2291 1088 2330 me

77 2366 146 2423 erat
167 2363 299 2441 Aegina,
331 2365 401 2421 ante
428 2363 558 2437 Megara,
587 2363 691 2420 dextra
720 2361 855 2431 Piraeus,
889 2359 1011 2419 sinistra
1034 2359 1087 2419 Oo-

75 2454 209 2511 rintbue.
231 2469 308 2528 quae
322 2451 432 2527 oppida
446 2450 574 2528 quodam
583 2456 717 2525 tempore
732 2449 943 2508 florentissima
957 2450 1089 2526 fuerunt,

76 2558 158 2600 nnnc
181 2543 334 2616 prostrata
357 2543 387 2598 et
410 2539 512 2598 diruta
534 2541 602 2597 ante
627 2539 727 2596 caulos
751 2538 849 2596 iacent
867 2581 893 2596 ..
910 2529 929 2594 .'

169 2805 252 2874 Quae
280 2804 401 2864 Servius
430 2804 461 2862 in
488 2805 553 2862 iure
581 2802 704 2863 colendo
735 2821 767 2861 re
795 2820 866 2862 vera
893 2804 1088 2878 praestiterit,

76 2900 160 2955 certo
185 2893 338 2953 aestimari
360 2893 477 2971 nequit,
506 2911 573 2951 oum
596 2892 742 2951 librorum
764 2890 945 2966 paucissima
968 2896 1088 2950 tantum

76 2984 250 3060 fragmenta
273 2985 392 3042 servata
415 2981 483 3040 sint.
525 2999 600 3057 quae
619 2981 771 3056 habemus,
795 2980 1000 3038 demonstrant
1020 2999 1086 3037 eum

77 3074 109 3131 in
132 3073 190 3130 hac
212 3070 332 3146 quidem
361 3088 392 3128 re
416 3068 449 3139 Q.
473 3070 602 3128 Mucium
632 3072 768 3128 secutum
792 3087 852 3126 non
875 3066 961 3126 modo
986 3067 1087 3124 defini-

76 3161 223 3238 tionibus,
247 3157 298 3217 sed
322 3159 411 3218 etiam
435 3158 593 3235 generibus
619 3156 834 3216 constituendis
858 3156 905 3213 ius
928 3157 959 3212 in
979 3154 1086 3212 melius

77 3248 263 3326 produxisse.
317 3247 349 3305 in
377 3247 465 3305 rebus
495 3266 563 3305 vero
590 3247 664 3323 ipsis
693 3264 711 3302 a
739 3243 771 3312 Q.
796 3243 893 3302 Mucio
927 3261 994 3300 eum
1027 3261 1087 3301 non

76 3357 147 3400 raro
172 3337 347 3396 dissensisse
375 3335 447 3393 dixi:
479 3337 607 3410 exempli
634 3333 733 3412 gratia
760 3332 873 3391 tutelae
896 3349 1006 3408 genera
1029 3350 1087 3389 non
1185 3327 1189 3334 '

78 3429 221 3505 quinque,
243 3430 279 3483 ut
297 3424 422 3501 Mucius,
446 3423 497 3482 sed
519 3428 638 3482 tantum
656 3422 715 3479 tria
734 3422 841 3479 statuit
859 3414 937 3497 (Gai.
954 3422 982 3490 1,
999 3413 1087 3498 188),

75 3522 194 3590 contra,
218 3533 285 3572 oum
304 3513 419 3571 Mucius
441 3532 535 3570 unum
558 3515 677 3571 tantum
698 3509 775 3569 furti
797 3527 893 3589 genus
913 3526 981 3568 esse
999 3512 1092 3584 puta-

126 3622 221 3666 lnriupr.
237 3619 352 3658 anubedr.
367 3619 417 3659 rell.
431 3621 461 3660 ed
481 3621 583 3665 Bramer.
858 3614 892 3665 iil
