2422 3840
309 167 334 220 8.
361 161 515 219 SERVIUS
536 162 723 234 SULPICIUS
741 163 860 219 RUFUS
1027 167 1091 232 231

70 321 222 406 reliquit'.
256 329 307 407 qui
320 329 468 391 librorum
481 331 590 391 tibulus
605 331 706 410 fucrit,
721 352 781 392 non
796 333 869 393 setis
883 337 1015 394 constat:
1036 354 1092 414 ego

71 417 251 479 Karlcwam
269 410 566 500 (Rechtsgeschichte
585 421 608 497 Ι,
624 412 704 502 484)
729 425 850 481 secutus
873 441 947 482 sum.
989 423 1094 500 Ulpia·

72 527 143 584 uus,
167 506 220 584 qui
243 505 340 568 Servii
362 508 456 569 libros
478 510 583 569 laudat
606 501 656 589 (D.
674 512 724 588 14,
740 511 769 588 3,
785 512 814 586 5,
831 500 874 591 1),
900 512 1020 571 eosdem
1043 507 1095 573 ‘ad

73 588 220 657 Brutum'
239 596 367 672 scriptos
385 598 520 658 nominat
534 592 683 678 (Servius
703 598 780 659 libro
799 599 895 674 primo
910 601 949 659 ad
962 601 1095 662 Brutum

73 679 158 767 ait'),
182 687 263 747 sicut
281 685 374 746 Gaius
393 679 444 768 (Ι).
459 689 511 763 50,
527 691 577 764 16,
597 682 720 764 2341)
739 688 810 749 libri
827 689 945 749 nomine
963 709 1024 750 non
1042 691 1094 750 ad·

75 774 141 835 dito
159 769 298 836 ‘Ofilium
321 775 360 834 ad
376 770 525 835 Atticum'
549 777 624 841 citat
643 769 778 856 (Ofilius
802 777 840 837 ad
857 777 994 837 Atticum
1013 774 1093 860 ait').

168 863 291 924 Servius
318 864 434 940 primus
462 864 597 925 omnium
623 865 662 925 ad
687 865 819 925 edictum
841 867 989 942 praetoris
1013 886 1093 927 com-

74 953 260 1014 mentarium
275 953 404 1028 scripsit.
428 973 487 1030 quo
501 957 636 1030 tompore
648 972 718 1014 eum
727 955 927 1030 conposuerib,
942 954 1095 1019 Ciceronis

73 1041 114 1102 de
141 1042 260 1119 legibus
287 1041 358 1101 libri
387 1033 483 1123 (1‚5‚
505 1034 561 1120 17)
590 1062 668 1103 enno
699 1037 823 1122 702s52
853 1044 926 1103 editi
953 1045 1094 1105 videntur

73 1130 222 1212 indicare,
249 1150 317 1191 cum
340 1131 437 1191 aiunt:
466 1177 496 1191 ..
520 1125 592 1191 ‘non
615 1151 686 1210 ergo
711 1151 729 1190 a
750 1132 897 1209 praetoris
920 1133 1032 1206 edicto,
1057 1138 1094 1194 ut

72 1221 214 1298 plerique
241 1239 334 1298 nunc,
361 1220 644 1285 ...hauriendum
671 1220 746 1280 iuris
770 1220 958 1296 disciplinam
980 1218 1093 1297 putas'.

169 1309 270 1369 Secuti
293 1311 365 1369 sunt
387 1307 525 1375 Servium
548 1311 645 1369 Aulus
670 1307 776 1368 Ofilius
800 1301 847 1391 (P.
868 1302 1006 1392 2-18),
1029 1314 1092 1371 An·

73 1398 181 1458 tistius
211 1399 326 1473 Labeo,
359 1398 410 1473 qui
443 1398 481 1456 acl
513 1397 643 1468 edictum
675 1400 706 1458 et
737 1398 885 1473 praetoris
916 1400 1025 1460 urbani
1061 1404 1093 1461 et

75 1487 230 1566 peregrini
258 1480 305 1566 (P.
324 1479 484 1566 4-191),
514 1486 663 1546 Masurius
692 1485 835 1564 Sebiuus,
868 1488 919 1564 qui
947 1491 1027 1548 certe
1054 1490 1093 1548 acl

74 1576 210 1636 edictum
236 1575 383 1652 praetoris
406 1575 516 1643 urbani
538 1575 632 1634 libros
655 1575 776 1651 scripsit
798 1569 845 1655 (P.
866 1568 914 1656 1),
940 1576 1090 1656 Plautius,

76 1667 114 1725 ut
136 1664 257 1725 videtur
297 1664 327 1723 P.
348 1655 464 1743 1—9)‚
491 1663 598 1723 Sextus
620 1663 730 1723 Pedius
753 1654 801 1745 (Ρ.
822 1661 959 1741 1-50),
982 1665 1091 1726 Sextus

74 1754 260 1830 Pomponius
300 1753 331 1813 P.
353 1743 508 1831 1-173),
535 1751 567 1822 Q.
587 1752 751 1812 Venuleius
776 1751 955 1813 Saturninus
979 1748 1025 1834 (P.
1047 1747 1092 1837 7),

74 1841 182 1920 Gaius,
205 1843 258 1920 qui
281 1841 319 1901 ad
342 1841 474 1901 edictum
497 1844 528 1900 et
550 1841 701 1918 praetoris
724 1840 832 1900 urbani
856 1844 887 1901 et
909 1844 1093 1916 provinciale

74 1932 171 1991 libros
181 1930 348 2007 composuit
357 1924 404 2008 (Ρ.
414 1932 537 2006 8-523
550 1922 728 2009 58-388),
738 1929 851 1988 Paulus
859 1923 904 2010 (P.
914 1927 1092 2013 83-849),

73 2020 226 2097 Ulpianus
250 2012 296 2099 (P.
318 2010 539 2099 170-1797).

167 2107 243 2168 (lum
269 2107 418 2184 Ulpianus
446 2107 577 2166 edictum
603 2127 663 2166 non
690 2107 788 2166 minus
816 2125 906 2182 quam
933 2107 1091 2167 LXXXIII

73 2198 176 2276 libris,
203 2196 275 2257 Sex.·
296 2196 408 2256 Pedius
436 2197 568 2256 edictum
595 2196 744 2273 praetoris
773 2197 804 2254 et
831 2195 974 2254 aedilium
1001 2215 1092 2256 curu-

74 2287 152 2346 lium
175 2305 235 2346 non
257 2286 356 2344 minus
379 2304 470 2361 quam
493 2285 601 2362 viginti
624 2285 764 2362 quinque,
786 2283 938 2343 Masurius
963 2283 1091 2345 Sabinus

73 2375 209 2435 edictum
231 2374 380 2450 praetoris
403 2373 512 2432 urbani
534 2394 594 2434 non
616 2375 716 2433 minus
740 2392 830 2450 quam
854 2373 986 2449 quinque
1004 2373 1090 2433 libris

72 2465 295 2524 commentatus
313 2463 363 2541 sit,
382 2462 503 2522 Servius
522 2463 602 2523 idem
620 2463 752 2523 edictum
769 2482 829 2524 non
847 2462 985 2537 pluribus
1001 2482 1090 2539 quam

72 2553 194 2612 dnobus
228 2551 313 2612 libris
346 2551 514 2627 explicavit.
570 2550 693 2611 Servius
727 2571 796 2613 vero
828 2553 947 2610 tantum
980 2552 1089 2611 urbani

71 2640 224 2718 praetoris
257 2641 389 2700 edictum
415 2642 639 2700 ‚commentatus
667 2659 731 2700 esse
759 2640 825 2699 ideo
852 2639 1005 2715 putandus
1033 2647 1089 2718 est,

72 2730 157 2806 quod
170 2748 231 2789 non
244 2729 284 2788 ad
297 2723 429 2803 ‘edicta'‚
444 2729 559 2788 scilicet
573 2728 700 2789 duorum
714 2731 888 2804 praetorum
903 2720 984 2807 (Gai.
1001 2733 1029 2804 1,
1046 2721 1089 2809 6),

73 2819 129 2878 scd
157 2819 197 2878 ad
223 2811 378 2878 ‘edictum'
404 2817 558 2894 scripsisse
582 2817 721 2877 traditur.
767 2820 855 2877 notes
878 2835 947 2876 eum
970 2821 1090 2877 tantum

72 2907 115 2968 ad
137 2907 271 2966 edictum
292 2907 342 2966 hle
364 2906 431 2965 illic
450 2906 608 2982 adiecisse,
633 2925 694 2966 non
716 2906 963 2964 commentarium
985 2925 1090 2983 perpe·

72 2999 165 3056 tuum
185 2994 339 3070 scripsisse
357 2995 499 3056 Xarlowa
516 2995 540 3071 Ι,
555 2996 619 3054 487
638 2996 737 3069 putat.
779 2997 860 3055 certe
877 3013 1089 3070 responsorum

71 3088 194 3163 partem
215 3084 249 3143 in
270 3084 382 3144 librum
405 3103 474 3143 eum
495 3083 644 3160 recepisse
667 3082 813 3143 existimo.

166 3173 203 3233 In
226 3173 316 3231 Pauli
343 3177 376 3233 et
402 3173 525 3248 Ulpiani
552 3172 774 3235 commentariIs
802 3171 940 3231 Servium
968 3170 1089 3245 saepius

72 3262 194 3325 laudari
211 3261 350 3322 vidimus.
388 3262 421 3320 in
439 3265 606 3321 ceterorum
624 3259 845 3320 commentariis
863 3257 960 3318 Servii
978 3277 1088 3327 nomen

72 3371 142 3418 non
156 3351 284 3428 reperim
304 3350 372 3410 ideo
395 3350 505 3409 mirum
528 3370 588 3410 non
610 3353 665 3424 cst,
691 3349 772 3427 quod
794 3351 826 3408 et
847 3365 944 3423 pauca
965 3349 1087 3406 tantum

72 3441 246 3518 fragmenta
264 3442 384 3500 servate
402 3441 473 3499 sunt
492 3442 523 3498 et
537 3439 738 3500 Tribonianus
756 3456 865 3498 nomen
883 3435 947 3496 eius
964 3435 1086 3496 videtur

72 3530 230 3592 delevisse.
