2422 3840
278 159 302 209 8.
325 154 363 212 M.
377 153 560 208 VALERIUS
577 153 768 208 MESSALLA
964 153 1031 218 265

59 341 117 384 iam
145 319 277 403 probat,
309 318 394 402 quod
421 317 456 381 in
485 339 522 382 eo
550 320 659 382 monte
687 316 809 381 Remus
837 317 928 381 urbis
958 340 1030 382 con·

59 409 142 472 udae
175 407 281 492 gratia
314 406 530 492 auspicaverit
562 427 701 491 avesque
733 406 848 470 inritas
880 406 1032 471 habuerit

59 499 255 582 peratusque
274 496 309 559 in
328 494 472 578 auspicio
492 517 512 559 a
530 495 668 559 Romulo
688 494 738 562 sit
775 496 896 577 idcirco,
916 495 1031 579 inquit,

59 606 135 664 roes,
168 587 223 667 qui
246 585 422 667 pomerium
451 584 659 666 protulerunt,
692 589 825 648 montem
857 585 951 648 istum
983 605 1030 648 eo-

59 679 188 759 uerunt,
209 674 302 756 quasi
323 673 431 738 coetus
453 673 589 737 obscenis
610 674 791 737 ominosum.

107 763 139 828 4.
164 763 250 828 Festa
270 761 344 828 351.
367 797 410 808 -
434 759 534 825 ‘Bene
558 760 686 842 sponsis
711 763 855 845 beneque
878 761 1031 826 volueris'

79 852 267 935 precatione
296 850 445 934 augurali
468 849 624 914 Messalla
652 871 755 933 augur
778 852 825 914 ait
848 850 1030 933 significare

59 941 245 1026 ¹reponderis
268 936 433 1004 volueris'.

108 1029 138 1094 5.
161 1028 246 1093 Fest.
261 1027 335 1094 351.
355 1064 397 1072 -
417 1025 565 1110 ‘Serpula
588 1027 755 1112 serpserit'
779 1028 826 1092 ait
843 1027 928 1092 idem
946 1027 1029 1092 Mes·

59 1119 116 1202 lla,
140 1139 270 1201 serpens
292 1116 472 1198 inrepserit.

109 1207 139 1271 6.
161 1206 247 1270 Fest.
262 1205 335 1271 351.
359 1241 402 1250 -
426 1203 563 1270 ‘Solino'
586 1205 672 1269 idem
696 1204 742 1269 ait
765 1227 835 1269 esse
859 1205 1001 1270 consulo.

109 1297 137 1360 7.
160 1293 404 1359 3111351.-
427 1292 526 1357 ‘Suad
549 1293 615 1358 ted'
639 1296 686 1358 ait
709 1315 779 1358 esse
803 1294 849 1359 sic
871 1298 912 1359 te.

109 1385 139 1449 8.
161 1383 248 1448 Fest.
263 1383 338 1447 379.
360 1419 403 1428 -
427 1381 601 1446 Vernisera
623 1383 777 1447 Messalla
801 1385 944 1467 auguria.

109 1472 139 1536 9.
163 1471 248 1536 Fest.
264 1472 337 1537 161.
360 1507 405 1516 —-
427 1470 608 1556 Marspedis
651 1472 718 1535 sive
759 1472 828 1537 sine
868 1495 885 1536 r
920 1473 1032 1537 littera

59 1561 183 1646 aspedis
215 1561 248 1625 in
280 1561 465 1644 precatione
498 1560 726 1625 solitaurilium
756 1560 832 1645 quid
861 1561 1032 1647 significet,

79 1649 234 1715 Messalla
253 1649 383 1734 quidem
402 1670 505 1734 augur
523 1649 557 1713 in
577 1650 802 1733 explanatione
823 1651 1031 1735 auguriorum

59 1739 162 1824 perire
186 1760 220 1802 se
242 1739 388 1822 potuisse
412 1739 466 1802 ait.

109 1829 160 1892 10.
182 1826 324 1892 Macrob.
339 1829 400 1890 sat.
416 1827 568 1908 1‚16‚28.
583 1861 625 1872 —
642 1824 733 1900 Quod
747 1825 849 1890 Iulius
863 1826 1031 1890 Modestus

59 1917 175 1999 irmat,
211 1915 364 1979 Messalla
397 1935 518 1998 augure
551 1915 737 1978 consulente
769 1915 954 1997 pontifices,
991 1939 1032 1980 an

59 2005 237 2070 'ndinarum
255 2002 478 2068 Romanarum
499 2024 718 2084 nonarumque
742 2002 809 2066 dies
832 2002 921 2066 feriis
944 2009 1031 2067 tene-

59 2099 139 2178 ntur,
157 2091 362 2177 respondisse
381 2113 445 2170 eos,
464 2091 623 2155 nundinas
643 2091 706 2154 sibi
724 2090 820 2155 ferias
840 2113 905 2155 uon
920 2093 1031 2156 videri.

109 2184 160 2247 11.
189 2181 277 2246 Fest.
295 2179 390 2246 25311.
414 2217 456 2226 —
480 2178 672 2264 <Pecunia‚>
696 2202 777 2264 quae
801 2181 1031 2264 erogatur<in

59 2271 113 2336 dos
139 2275 172 2335 et
197 2271 394 2354 spectacula,
423 2269 608 2353 appellatur
631 2270 753 2351 lu>cari
777 2268 895 2351 edicta,
919 2268 1030 2353 ·q<uod

69 2359 151 2425 lucis
183 2363 340 2442 captetur.
466 2359 555 2422 lucar
587 2380 606 2421 a
638 2358 731 2440 luce>
765 2357 827 2421 dici
858 2358 1031 2436 existimat,

61 2449 133 2513 uius
157 2449 321 2532 opinionis
342 2452 391 2510 est
410 2447 464 2530 et>
482 2445 635 2512 Valerius
654 2447 806 2516 Messalla
826 2447 859 2510 in
879 2448 1029 2529 explana-

59 2539 131 2602 ione
157 2533 409 2620 auguriorum).1

111 2627 162 2691 12.
185 2625 263 2709 Lyd.
278 2625 421 2688 demens
436 2625 466 2700 4,
479 2626 507 2688 1.
522 2661 564 2670 -
579 2624 662 2688 ὅθεν
681 2623 893 2701 tuscanica
910 2633 1030 2690 τοῦτον

59 2739 77 2780 3.
93 2708 215 2801 Ἰανὸν)
239 2709 325 2778 εἶναι
348 2714 407 2778 τὸν
430 2715 535 2777 αἰῶνα
558 2715 692 2795 νομίζει.
733 2711 874 2795 καὶγὰρ
897 2712 950 2778 ἐπὶ
973 2723 1031 2796 τῆς

59 2802 167 2888 parus
194 2812 254 2867 τοῦ
281 2803 384 2885 μηνὸς
411 2803 532 2865 τούτου
561 2799 679 2885 ἑορτὴν
706 2804 827 2878 αἰῶνος
856 2800 1031 2867 ἐπετέλουν

76 2893 186 2957 πάλαι.

372 3011 412 3069 ΙΙ.
443 3010 492 3068 Dc
515 3010 677 3068 familiis.

110 3122 167 3186 ‘De
200 3126 321 3185 familiis
354 3119 502 3184 Troianis’
531 3124 698 3182 Varronem
731 3125 884 3199 scripsisse
917 3143 1032 3182 moneo.

59 3215 296 3277 >uriel-Schwabe
308 3212 327 3290 ξ
340 3217 412 3290 166,
423 3216 473 3272 41.
485 3214 520 3271 de
530 3212 679 3290 indigenis
689 3219 794 3287 postea
804 3213 1031 3272 commentarios

58 3305 190 3382 mposuit
212 3303 363 3362 Masurius
388 3303 524 3362 Sabinus
571 3301 646 3361 Gall.
661 3303 690 3376 4,
707 3304 735 3377 9,
751 3303 779 3361 8.

93 3462 107 3509 1
133 3455 254 3510 Mueller
280 3456 407 3510 coniecit:
438 3454 467 3508 in
496 3453 715 3524 explana<tione
739 3451 790 3506 XII
809 3449 898 3524 tan).
936 3460 1033 3507 contro

59 3529 125 3584 toell
139 3529 156 3583 1.
172 3545 194 3582 c.
204 3545 237 3597 p.
252 3529 297 3593 35,
315 3543 394 3595 quern
408 3527 490 3580 elium
503 3527 630 3581 Huschke
645 3527 678 3579 ia
693 3524 857 3594 lurisprud.
868 3530 979 3578 secutus
991 3531 1043 3577 cst.
