2422 3840
115 149 158 213 46
194 149 242 205 lv.
266 149 413 205 SEPTIMI
427 147 524 204 SAEC.
539 147 634 204 IURIS
650 147 822 205 CONSULT.
838 148 963 204 SERIES
978 149 1131 208 ALTERA

194 381 234 463 ὃ.
269 386 308 457 L.
335 383 543 458 LICINIUS
571 385 609 460 L.
637 385 675 461 F.
704 385 739 459 C.
768 387 812 457 N.
841 385 1044 460 CRASSUS

201 534 290 590 natus
312 524 460 608 614s140,
476 525 615 608 6367118
635 529 780 589 coloniam
800 530 972 589 Narbonem
992 529 1126 612 deduxit,

113 638 171 679 cos.
192 613 318 698 659s95,
342 636 446 678 censor
470 619 596 696 sessos,
620 618 747 677 decessit
771 611 896 695 663s91.

201 707 294 768 Caelii
316 707 485 782 Antipatris
509 704 615 786 (supra
636 706 686 779 IV,
707 698 742 786 2)
766 707 893 786 auditor,
920 711 1022 767 orator
1045 710 1125 785 opti-

111 815 190 874 mus,
215 791 430 874 ‘eloquentium
452 795 527 855 iuris
550 787 762 871 peritissimus'
787 787 991 876 (brusias).
1032 796 1123 858 Pom-

110 886 217 961 ponius
240 882 260 961 ξ
279 888 322 945 40
346 879 450 943 ‘etiam
469 882 575 943 Sextus
593 883 753 960 Pompeius
776 885 835 944 fuit
858 884 962 944 eodem
983 889 1120 963 tempore

111 978 141 1033 et
173 973 293 1034 Caelius
320 972 483 1047 Antipater
607 973 698 1032 etiam
724 973 836 1033 Lucius
869 971 994 1032 Crassus
1026 975 1121 1036 irater

109 1062 210 1121 Publii
232 1062 339 1139 Mucii,
366 1060 418 1136 qui
440 1054 616 1120 Mucianus1
640 1061 736 1121 dictus
759 1065 818 1121 est:
846 1063 925 1121 hunc
949 1060 1053 1123 Cicero
1076 1064 1121 1124 ait

110 1151 184 1210 iuris
213 1150 419 1211 consultorum
442 1144 692 1209 disertissimum’.
740 1151 775 1209 cf.
798 1151 896 1228 111‚9
921 1149 964 1223 (P.
985 1151 1121 1212 Licinius

109 1239 235 1300 Crassus
258 1240 350 1299 Dives
375 1232 556 1318 Mucianus).

198 1329 233 1386 In
262 1327 372 1387 celebri
399 1345 489 1387 causa
510 1326 641 1387 Curiana
663 1345 740 1387 anno
765 1329 905 1406 661793,
934 1329 970 1386 ut
991 1327 1121 1405 videtur,

109 1419 254 1493 patronus
278 1417 420 1476 adversus
444 1415 477 1486 Q.
501 1416 634 1475 Mucium
656 1415 740 1492 dixit,
764 1435 824 1492 qua
847 1416 883 1475 de
906 1434 998 1475 causa
1021 1434 1121 1493 pauca

110 1505 159 1563 hic
180 1498 342 1581 proferam.

197 1594 236 1652 M.
251 1592 400 1670 Coponius
419 1593 543 1670 quidam
560 1591 656 1650 filium
673 1596 846 1668 postumum
865 1612 952 1670 quem
970 1594 1118 1673 sperabat,

107 1681 247 1741 heredem
269 1681 403 1742 instituit
420 1684 459 1754 et,
483 1681 508 1740 si
526 1680 685 1740 institutus
705 1683 867 1758 antequam
885 1681 917 1741 in
937 1701 1021 1741 suam
1037 1685 1117 1743 tute·

107 1771 168 1829 lam
192 1771 321 1849 veniret,
344 1774 479 1830 mortuus
503 1773 596 1848 esset,
619 1770 667 1829 M.'
692 1768 814 1829 Curium
838 1770 1004 1830 substituit.
1051 1791 1117 1831 cum

107 1858 186 1918 filius
209 1863 298 1919 natus
320 1877 380 1919 non
403 1863 491 1936 esset,
514 1859 593 1919 inter
616 1857 741 1935 Coponii
763 1858 915 1935 legitimos
939 1859 1062 1919 heredes
1086 1862 1117 1920 et

105 1947 154 2006 M.’
176 1947 300 2008 Curium
327 1947 363 2008 de
386 1948 553 2008 hereditate
576 1948 613 2006 lis
638 1952 705 2007 orta
728 1947 766 2006 ad
790 1949 990 2008 centumviros
1014 1947 1116 2009 delata

107 2041 164 2114 est,
193 2037 272 2114 apud
300 2055 375 2114 quos
399 2035 430 2106 Q.
449 2036 566 2095 Mucius
591 2027 658 2117 (IV,
678 2030 711 2116 7)
735 2035 940 2114 legitimorum
962 2036 1115 2115 heredum,

106 2124 231 2186 Crassus
256 2126 412 2186 substituti
435 2143 556 2184 oausam
578 2124 721 2185 defendit.

195 2214 296 2275 Cicero
314 2233 368 2290 pro
388 2212 515 2272 Caecina
535 2213 585 2290 34,
602 2215 641 2272 69
663 2207 699 2271 ἶ.
714 2211 837 2272 Crassus
856 2233 915 2273 non
933 2214 977 2273 ita
994 2233 1116 2276 causam

106 2303 186 2379 apud
209 2302 410 2363 centumviros
435 2301 511 2379 egit,
536 2303 571 2360 ut
594 2303 697 2360 contra
720 2301 794 2360 iuris
818 2302 969 2362 consultos
992 2302 1114 2380 diceret,

107 2392 157 2451 sed
180 2394 216 2450 ut
237 2392 294 2450 hoc
318 2392 449 2465 doceret,
473 2389 549 2447 illud
573 2389 653 2466 quod
675 2389 818 2449 Scaevola
841 2389 1031 2470 defendebat,
1055 2412 1115 2453 non

106 2497 169 2539 esse
196 2479 285 2555 iuris,
314 2482 344 2538 et
370 2478 403 2537 in
431 2496 495 2537 eam
523 2497 587 2536 rem
613 2496 672 2538 non
700 2478 797 2538 solum
825 2478 956 2539 rationes
984 2481 1113 2561 afferret,

105 2568 157 2627 sed
189 2567 279 2626 etiam
309 2565 342 2636 Q.
365 2566 478 2645 Mucio,
510 2585 611 2626 socero
644 2585 698 2626 suo
730 2567 892 2644 multisque
922 2569 1113 2644 peritissimis

104 2655 273 2715 hominibus
314 2655 486 2715 auctoribus
523 2650 679 2714 uteretur?
738 2655 775 2714 de
808 2659 881 2715 orat.
912 2659 944 2734 1,
969 2659 1024 2736 39,
1050 2661 1114 2720 180

106 2738 147 2803 ‘..
171 2764 263 2821 quum
287 2790 315 2804 ..
339 2763 395 2822 ego
419 2744 615 2820 defenderem,
640 2744 696 2803 hac
719 2763 786 2802 eum
810 2747 909 2804 mente
932 2745 1038 2821 fuisse,
1062 2748 1115 2824 qui

103 2835 316 2892 testamentum
339 2834 472 2911 fecisset,
495 2837 529 2892 ut
552 2833 579 2892 si
601 2832 680 2892 filius
703 2850 763 2892 non
787 2836 873 2911 esset,
899 2833 950 2910 qui
973 2834 1005 2893 in
1028 2853 1114 2896 suam

103 2921 231 2980 tutelam
254 2921 378 3000 veniret,
400 2922 448 2982 M.'
469 2921 575 2981 Curius
599 2924 677 2981 esset
699 2914 805 2980 heres'.
847 2922 883 2981 de
907 2926 980 2982 orat.
1002 2928 1031 3000 1,
1046 2926 1111 2986 243

104 3004 143 3070 ἲ.
165 3012 196 3070 et
213 3010 401 3087 politissimis
420 3011 536 3070 facetiis
554 3010 713 3089 pellexisti,
732 3029 824 3086 quum
842 3014 872 3069 et
891 3010 967 3069 illud
984 3012 1114 3073 nimium

103 3117 228 3158 acumen
254 3098 396 3159 illuderes
424 3103 455 3159 et
478 3099 657 3159 admirarere
680 3099 833 3176 ingenium
857 3099 1031 3178 Scaevolae,
1060 3102 1113 3180 qui

103 3188 317 3266 excogitasset,
345 3189 426 3248 nasci
449 3189 533 3265 prius
557 3190 693 3264 oportere
717 3205 807 3264 quam
830 3188 935 3264 emori,
958 3209 1112 3268 quumque

104 3277 200 3336 multa
224 3277 380 3355 colligeres
404 3283 434 3337 et
456 3297 493 3336 ex
515 3277 634 3353 legibus
659 3279 690 3335 et
713 3294 748 3334 ex
772 3278 892 3335 senatus
916 3279 1061 3338 consultis
1081 3282 1112 3339 et

104 3384 138 3423 ex
166 3366 230 3425 vita
258 3384 292 3424 ac
320 3384 454 3425 sermone
479 3359 648 3425 communi.'
692 3364 777 3424 Brut.
798 3366 838 3423 53
863 3359 906 3425 ³..
931 3364 1057 3427 Crassus
1082 3411 1110 3427 ..

174 3523 188 3569 1
213 3516 260 3571 Fr.
279 3515 435 3572 Munianus.
