2422 3840
122 155 187 220 378
220 155 293 212 VIH.
309 155 443 212 00an
457 155 660 214 sancimus
675 155 847 213 CONSULT.
857 157 982 213 saulus
995 158 1133 214 TERTIA
1190 171 1191 174 ’

123 321 192 385 auri
222 341 325 403 neque
353 321 489 405 argenti.
538 320 571 385 id
599 321 626 384 si
653 320 700 386 ita
728 326 790 404 est,
818 321 964 386 essedum
997 322 1132 407 aliquod

123 411 232 494 capias
256 409 374 474 suadeo
398 413 431 472 et
454 410 495 474 ad
517 432 576 474 nos
600 431 695 493 quam
719 411 860 495 primum
883 431 1038 475 recurras.
1080 413 1133 476 sin

123 503 231 563 autem
260 499 327 562 sine
356 498 525 562 Britannia
552 502 661 563 tamen
689 499 830 583 assequi,
858 499 943 581 quod
973 499 1132 579 volumus,

122 608 308 672 possumus,
339 587 469 672 perfice,
505 592 542 652 ut
578 588 623 651 sis
655 587 689 650 in
721 587 933 652 familiaribus
967 584 1132 669 Caesaris:

121 676 260 740 multum
297 680 330 741 te
366 676 401 739 in
416 685 419 690 ⁴
437 698 475 740 eo
512 676 612 740 frater
650 675 815 740 adiuvabit
851 698 955 758 meus,
991 677 1133 742 multum

122 765 259 847 Balbus,
287 765 356 848 sed,
383 765 463 829 mihi
490 765 595 848 crede,
624 768 698 829 tuus
726 764 829 850 pudor
857 769 889 828 et
916 766 1008 829 labor
1032 766 1131 851 pluri-

122 876 220 919 mum.
252 853 508 938 †imperatorem
526 852 802 936 liberalissimum,
820 858 959 917 aetatem
977 860 1131 938 opportu-

121 944 303 1026 nissimam,
330 941 644 1008 commendationem
668 945 754 1007 certe
778 943 987 1026 singularem,
1011 955 1047 1007 ut
1069 944 1132 1009 tibi

122 1054 221 1095 unum
252 1031 432 1096 timendum
465 1032 522 1114 sit,
552 1052 593 1095 ne
625 1031 695 1116 ipse
727 1030 789 1095 tibi
821 1030 960 1096 defuisse
993 1031 1130 1098 videare.

120 1118 213 1206 (VII,
233 1119 268 1206 7)

121 1249 123 1253 ν
210 1211 240 1274 4.
278 1207 391 1275 Cicero
423 1208 584 1273 Trebatio.
607 1245 649 1255 -
678 1206 814 1292 Scripsit
850 1208 890 1272 ad
927 1230 978 1272 me
1011 1207 1132 1275 Caesar
1160 1227 1162 1231 “

121 1297 362 1382 perhumaniter
393 1297 536 1362 nondum
567 1303 600 1361 te
632 1296 694 1361 sibi
727 1297 806 1361 satis
837 1319 907 1361 esse
937 1297 1131 1364 familiarem

120 1392 255 1470 propter
278 1387 503 1470 occupationes
527 1408 617 1470 suas,
640 1385 697 1450 sad
722 1390 808 1450 certe
831 1386 901 1450 fore
1000 1408 1040 1450 ex
1064 1388 1130 1453 tuis

121 1475 241 1540 litteris
265 1477 402 1560 cognovi
424 1496 674 1559 praeproperam
698 1474 858 1559 quandam
886 1475 1131 1540 festinationem

121 1569 210 1628 tuam
243 1568 276 1627 ct
307 1565 403 1629 simul
430 1584 501 1629 sum
530 1564 718 1646 admiratus,
751 1585 807 1627 our
834 1563 1016 1628 tribunatus
1046 1586 1131 1630 oom-

120 1653 225 1732 moda,
244 1653 374 1737 dempto
394 1653 584 1737 praesertim
602 1653 711 1717 labore
730 1651 873 1736 militiae,
888 1654 1130 1736 contempseris.

122 1761 237 1824 querar
264 1764 336 1806 oum
363 1740 505 1806 Vacerro
534 1746 566 1806 et
592 1740 738 1825 Manilio,
765 1762 841 1804 nam
869 1738 1018 1806 Cornelio
1047 1743 1130 1806 nibil

122 1830 223 1894 audeo
252 1831 367 1916 dicere,
395 1831 484 1895 cuius
511 1834 548 1894 tu
576 1829 721 1913 periculo
751 1830 869 1894 stultus
899 1851 947 1913 es,
976 1831 1132 1913 quoniam

121 1925 153 1982 te
182 1920 222 1983 ab
251 1941 289 1985 eo
317 1941 430 2002 sapere
459 1919 607 1984 didicisse
635 1918 873 2002 profiteris
899 1918 984 2002 quod
1014 1919 1129 1983 scribis

122 2007 160 2071 de
187 2008 244 2074 illo
272 2007 426 2075 Preciano
455 2009 687 2093 iureconsulto,
717 2027 776 2091 ego
804 2011 837 2071 te
866 2006 896 2071 ei
922 2028 987 2071 non
1016 2007 1129 2072 desino

122 2097 359 2181 commendare,
387 2096 500 2162 scribit
528 2096 615 2161 enim
643 2096 712 2180 ipse
741 2095 821 2159 mihi
849 2099 881 2159 te
912 2096 974 2159 sibi
1004 2097 1130 2180 gratias

122 2198 226 2270 agere'
242 2186 356 2249 debere
393 2235 449 2251 ...
472 2206 532 2270 ego
556 2189 680 2249 vestras
700 2183 904 2249 Britannicas
928 2184 1054 2249 litteras
1078 2207 1130 2250 ex·

121 2280 239 2356 specto.
276 2272 363 2360 (VII,
383 2272 417 2360 8)
758 2327 760 2330 -

209 2363 239 2428 5.
267 2361 380 2429 Cicero
403 2362 563 2428 Trebatio.
585 2398 622 2410 —
724 2363 815 2446 cupio
844 2362 924 2427 scire
949 2360 1026 2445 quid
1050 2383 1130 2446 agas

121 2454 153 2515 et
176 2452 232 2515 ubi
256 2452 300 2517 sis
322 2452 530 2516 hiematurus.
563 2447 711 2537 (V11‚9)

212 2540 241 2604 6.
271 2538 381 2606 Oicero
406 2539 557 2604 Trebatio
581 2562 605 2604 s.
632 2577 669 2586 —
773 2540 951 2623 primorum
981 2560 1130 2604 mensum

46 2628 49 2635 ’
121 2627 240 2692 litteris
259 2630 323 2693 tuis
342 2629 548 2693 vehementer
566 2629 802 2712 commovebar,
824 2628 906 2712 quod
927 2627 1008 2692 mihi
1027 2629 1130 2693 inter-

121 2718 210 2799 dum,
237 2739 316 2801 pace
343 2723 400 2782 tua
423 2717 570 2801 dixerim,
597 2717 677 2782 levis
700 2717 735 2780 in
758 2717 846 2781 urbis
870 2718 1129 2800 urbanitatisque

122 2805 291 2890 desiderio,
314 2806 474 2871 interdum
496 2806 597 2892 piger,
620 2806 782 2870 interdum
804 2804 936 2870 timidus
959 2806 992 2869 in
1016 2806 1128 2870 labore

120 2895 268 2976 militari,
296 2917 392 2980 saepe
415 2900 523 2959 autem
548 2895 658 2980 etiam,
687 2894 771 2978 quod
795 2916 814 2957 a
836 2897 868 2957 tc
893 2894 1130 2959 alienissimum

120 2989 180 3067 est,
199 2984 428 3067 subimpudens
447 2984 605 3050 videbare.
636 2987 790 3067 tanquam
805 2983 891 3046 enim
906 2983 1129 3067 syngrapham

120 3074 159 3136 ad
178 3074 416 3159 imperatorem,
437 3095 503 3137 non
526 3072 699 3156 epistulam
723 3071 898 3153 attulisses,
922 3072 967 3136 sic
990 3071 1130 3155 pecunia

118 3163 230 3226 ablata
254 3163 384 3227 domum
407 3160 511 3226 redire
533 3161 744 3246 properabaS,
766 3181 825 3224 nec
847 3161 908 3224 tibi
929 3160 963 3223 in
986 3165 1130 3226 mentem

119 3252 270 3315 veniebat
307 3273 362 3316 eos
398 3252 501 3334 ipsos,
537 3250 593 3334 qui
629 3271 702 3315 oum
737 3248 929 3332 syngraphis
963 3250 1130 3314 venissent

118 3340 372 3423 Alexandream,
408 3361 574 3403 nummum
611 3339 715 3404 adhuc
752 3337 877 3401 nullum
914 3337 1039 3402 auferre
1071 3361 1130 3422 po·

119 3429 222 3492 tuisse
240 3477 249 3493 .
264 3477 293 3495 ..
312 3432 440 3493 tantum
460 3449 576 3492 moneo
596 3449 698 3512 neque
713 3427 874 3491 amicitiae
888 3427 1130 3493 confirmandae

107 3516 288 3582 clarissimi
319 3539 358 3584 ao
385 3516 607 3583 liberalissimi
637 3517 698 3581 viri
728 3536 831 3598 neque
861 3515 1018 3580 uberioris
1051 3539 1130 3600 pro-
