2422 3840
466 175 491 225 6.
514 169 545 224 L.
563 168 706 225 CINCIUS
1026 171 1092 236 253

166 331 198 396 4.
228 330 371 395 Macrob.
401 334 461 396 sat.
491 332 523 416 1,
557 333 612 415 12,
640 334 767 398 30.—
799 333 965 400 Iunius..

92 415 213 486 cincius
242 419 329 483 arbit
315 422 433 504 tratur,
460 420 545 503 quod
568 381 722 487 Iunonius
749 422 834 506 apud
857 422 993 488 Latinos
1017 432 1092 488 ante

91 508 243 574 recitatus
272 506 389 592 diuque
418 508 503 592 apud
531 509 682 575 Aricinos
710 511 1002 597 Praenestinosque
1030 512 1092 578 hac

88 596 300 682 appellatione
321 596 359 660 in
380 597 485 662 fastos
508 598 630 663 relatus
653 598 707 664 sit.

87 730 89 734 -
167 685 200 751 5.
224 685 303 769 Lyd.
326 685 365 749 de
388 707 488 750 mens
511 688 546 761 4,
573 686 696 751 92-
724 691 863 770 Κίγκιος
886 687 923 752 ἐν
946 697 991 776 τῷ
1015 687 1091 773 περὶ

86 786 148 839 των
170 772 296 858 ἑορτῶν
319 772 469 857 λέγει,
440 797 499 839 πον
522 773 715 861 Νοέμβριον
738 777 826 861 παρὰ
848 787 918 853 τοῖς
940 783 1091 854 παλαιοῖς

84 865 298 949 Μερκηδῑνον
317 862 584 946 ὀνομασθῆναι“
567 862 689 929 courel
707 866 967 949 μισθοφόρον,’
951 891 987 931 εν
1002 867 1091 954 αὐτῷ

82 954 143 1038 γὰρ
170 963 241 1028 τοῖς
268 953 444 1037 απήιορσιν
471 975 489 1016 ο
492 951 694 1035 {proterret
716 955 774 1030 τὰς
796 956 985 1037 προσόδους
1007 956 1091 1021 είσέ-

80 1064 184 1126 φιρον
207 1048 268 1106 τοῦ
290 1043 517 1125 παρελθόντος
540 1040 705 1105 uoutov‘
688 1041 809 1126 ειέρων
830 1055 966 1128 καρπῶν
989 1039 1090 1122 αὖθις

80 1129 318 1215 ἐπερχομένων.
372 1128 562 1214 Νοέμβριος
594 1126 631 1194 ol
662 1130 804 1216 ὕστερον
838 1130 1020 1218 ὠνομάσθη
1054 1133 1091 1199 ἐκ

78 1229 138 1284 τοῦ
162 1219 320 1305 ἀριθμοῦ·
365 1219 502 1295 ἔννατος
524 1220 587 1303 γὰρ
611 1218 731 1284 ἑανοῦ
753 1222 920 1307 Μαρτίου.

376 1446 415 1504 Π.
439 1446 488 1504 De
512 1446 672 1506 comitiis
695 1447 798 1509 liber.

170 1569 229 1640 Qui
255 1570 304 1630 vel
332 1573 401 1629 ante
428 1570 478 1630 vel
504 1575 573 1647 post
596 1569 732 1630 Cincium
754 1572 790 1630 de
813 1573 942 1633 comitiis
965 1568 1091 1649 scripse-

78 1659 149 1736 rint,
172 1659 330 1720 nescimus.
366 1661 499 1718 ceterum
520 1658 552 1717 in
575 1659 667 1718 variis
690 1659 776 1718 libris
799 1661 990 1721 comitiorum
1012 1664 1090 1723 ratio

78 1749 184 1808 habita
211 1751 265 1808 est.
310 1747 478 1807 Antistium
507 1766 625 1824 quoquo
647 1747 817 1808 Labeonem
844 1751 996 1809 occasione
1020 1753 1092 1811 data

78 1838 114 1896 de
133 1837 241 1897 calatis
260 1837 389 1896 comitiis
407 1836 562 1911 scripsisse
581 1837 727 1896 traditum
744 1840 798 1897 est.
835 1836 911 1897 Gall.
929 1841 1091 1918 15,17,1.

167 1945 252 2012 Fest
267 1947 341 2012 240.
360 1982 402 1993 -
421 1945 579 2011 Patricios
598 1945 729 2010 Cincius
753 1946 800 2011 ait
822 1947 857 2010 in
874 1947 958 2012 libro
978 1949 1017 2013 de
1036 1970 1091 2014 co-

78 2035 181 2100 mitiis
200 2057 255 2100 eos
275 2035 432 2120 appellari
450 2036 573 2120 solitos,
596 2034 652 2118 qui
671 2057 755 2098 nunc
773 2035 907 2120 ingenui
925 2041 1090 2101 vocentur.

246 2262 301 2322 111
324 2262 374 2321 De
397 2263 586 2322 consulum
607 2264 795 2339 potestate
818 2261 924 2321 liber.

169 2381 225 2446 ‘De
249 2386 346 2446 officio
369 2380 512 2447 consulis'
535 2385 657 2463 scripsit
674 2388 779 2462 postea
796 2385 907 2462 Ulpius
925 2386 1086 2446 Marcellus

77 2469 125 2558 (P.
151 2466 351 2556 scr-276).
406 2477 442 2535 cf.
470 2474 629 2535 Iustiniani
657 2476 853 2553 Digestorum
883 2474 1008 2534 titulum
1038 2470 1088 2535 ‘de

77 2565 178 2625 officio
202 2558 342 2624 consulis'
366 2556 411 2646 (1,
437 2555 501 2646 10).

169 2673 254 2738 Fest.
276 2675 351 2740 241.
376 2709 413 2721 -
439 2673 576 2739 Praetor
603 2675 643 2738 ad
665 2678 794 2759 portam
818 2697 904 2739 nunc
927 2676 1089 2741 salutatur

77 2765 121 2847 is,
149 2762 206 2849 qui
233 2762 266 2827 in
294 2763 494 2848 provinciam
520 2784 579 2848 pro
607 2767 756 2845 praetore
785 2769 841 2828 aut
871 2785 930 2848 pro
958 2766 1089 2829 consule

78 2853 160 2936 exit,
187 2851 278 2917 euius
305 2851 353 2916 rei
380 2873 503 2917 morem
531 2852 579 2923 ait
605 2851 704 2916 fuisse
728 2849 859 2918 Cincius
883 2853 917 2916 in
939 2852 1025 2918 libro
1050 2853 1088 2918 de

78 2942 248 3007 consulum
284 2943 446 3023 potestate
482 2940 596 3004 talem:
637 2940 784 3005 Albanos
820 2963 928 3005 rerum
964 2941 1087 3024 potitos

76 3051 181 3114 usque
214 3028 255 3094 ad
281 3029 412 3093 Tullum
440 3049 564 3114 regem3
597 3028 683 3093 Alba
711 3028 823 3093 deinde
852 3029 960 3093 diruta
986 3051 1087 3113 usque

78 3119 120 3184 ad
143 3118 178 3184 P.
198 3116 334 3183 Decium
357 3116 481 3182 Murem
505 3138 568 3182 cos.
609 3117 745 3200 populos
768 3117 902 3182 Latinos
927 3117 968 3181 ad
991 3121 1088 3201 eaput

76 3207 285 3290 Ferentinae,
317 3205 404 3290 quod
436 3209 486 3270 est
519 3207 578 3270 sub
611 3210 719 3270 monte
746 3206 890 3287 Albano,
922 3208 1088 3270 consulere

77 3295 195 3363 solitos
228 3299 262 3360 et
291 3294 462 3378 imperium
495 3295 657 3360 communi
687 3293 822 3360 consilio
851 3293 1088 3359 administrare.

77 3386 188 3470 itaque
225 3381 365 3467 ριιαιαίο1
398 3383 563 3449 Romanos
595 3383 807 3468 imperatores
840 3383 880 3447 ad
913 3384 1089 3448 exercitum

151 3549 164 3595 1
187 3539 251 3597 Ood.
270 3557 325 3608 quo
344 3555 417 3594 anno
435 3582 442 3597 .
461 3541 615 3598 emendarit
632 3540 802 3599 Mommsen.
