2422 3840
287 207 293 219 ·
404 179 430 230 6,
452 172 482 229 L.
499 172 643 229 CINCIUS
861 214 865 221 .
963 174 1029 239 255

49 349 132 419 reque
172 335 317 421 hastam,
361 335 497 422 hastile,
538 336 661 419 lorum,
701 337 873 421 pabulum,
915 342 1029 423 utrem,

49 421 144 507 ollem,
178 423 321 490 faculam
358 426 387 489 si
423 426 499 510 quid
535 425 583 490 ibi
614 425 776 490 inveneris
808 427 1027 508 sustulerisve,

49 512 103 576 uod
138 515 231 578 tuum
263 534 330 578 uon
362 513 437 594 erit,
473 513 559 598 quod
591 515 693 597 pluris
725 513 851 579 nummi
882 517 1029 600 argentei

49 601 92 683 rit,
123 602 173 666 uti
203 607 242 667 tu
274 602 315 667 ad
344 601 377 668 Ο.
401 602 550 668 Laelium
577 601 612 668 O.
634 603 739 667 filium
771 603 935 668 consulem
964 603 1025 669 Lu-

49 687 142 755 iumve
169 688 356 756 Cornelium
383 690 417 756 P.
440 692 545 756 filium
567 693 746 774 consulem,
776 691 843 756 sive
866 713 962 775 quem
986 695 1026 757 ad

49 781 89 843 ter
112 801 223 844 eorum
246 780 386 862 iusserit,
408 781 550 866 perferes
574 785 631 844 sut
653 767 846 864 prbfitebere
865 781 899 844 in
918 781 1025 846 triduo

49 867 177 951 roximo,
203 890 302 952 quum
326 868 402 953 quid
425 868 585 934 inveneris
609 869 834 954 sustulerisve,
857 869 927 934 sine
951 870 1025 935 dolo

50 956 112 1040 slo,
136 961 193 1022 sut
216 956 345 1023 domino
366 980 434 1042 suo,
457 958 563 1023 cuium
582 957 615 1021 id
633 958 780 1024 censebis
799 979 879 1040 esse,
902 958 1026 1044 reddes,

49 1046 64 1108 i
96 1045 183 1129 quod
214 1049 302 1111 recte
334 1047 458 1111 factum
486 1069 555 1112 esse
583 1044 695 1111 voles?
744 1047 895 1112 rnilitnbns
922 1052 1025 1112 orooern

49 1135 137 1216 riptr's
167 1135 233 1200 dies
258 1137 501 1219 praefinibatur,
530 1157 589 1218 qno
617 1137 667 1201 die
696 1137 834 1201 adessent
859 1141 888 1200 et
914 1137 1025 1201 ottont'

49 1223 134 1288 nsnlr'
159 1225 390 1306 responderent;
417 1226 523 1290 deinde
550 1225 773 1306 concipiebatur
795 1225 1026 1309 trrstnrondnrn,

82 1312 235 1394 adessent,
271 1313 320 1378 ln's
351 1315 466 1378 additis
496 1313 735 1396 exceptionobns:
771 1311 853 1377 ‘nisi
885 1314 1025 1379 harunce

49 1421 97 1464 rue
130 1421 230 1466 cause
262 1402 336 1466 erit:
368 1402 464 1466 funus
497 1402 657 1466 familiare
689 1401 827 1466 feriaeve
855 1401 1027 1487 denicales,

49 1510 96 1553 rae
122 1509 191 1554 non
218 1491 286 1555 eius
313 1490 361 1555 rei
388 1511 486 1555 causa
513 1491 548 1555 iu
575 1512 649 1577 eum
677 1491 762 1555 diem
789 1491 926 1556 collatae
951 1492 1026 1574 sint,

49 1600 77 1642 ιο
114 1578 143 1641 is
181 1599 219 1643 ec
257 1578 307 1642 die
344 1578 451 1643 miuus
487 1579 534 1644 ibi
571 1582 670 1663 esset,
708 1580 840 1644 morbus
872 1583 1027 1664 sonticus,

49 1665 250 1751 rspiciumve,
281 1668 366 1752 quod
390 1669 459 1732 sine
481 1667 610 1752 piaculo
633 1667 808 1752 praeterire
830 1691 897 1733 non
919 1669 1025 1748 liceat,

51 1755 248 1820 orificiumve
290 1757 560 1840 anniversarium,
601 1757 684 1840 quod
725 1761 812 1821 recte
851 1757 922 1821 fieri
958 1780 1024 1822 non

49 1843 133 1921 essit,
163 1843 226 1908 nisi
253 1843 344 1927 ipsus
373 1866 410 1909 eo
435 1845 485 1909 die
508 1845 554 1909 ibi
577 1845 634 1928 sit,
661 1845 710 1909 vis
733 1845 891 1928 hostisve,
919 1851 1024 1911 status

49 1932 222 1997 udictusve
254 1934 322 1998 dies
355 1955 428 1998 cum
459 1934 562 1998 hoste.
612 1934 641 1997 si
668 1933 719 1996 oui
747 1954 856 1997 eorum
884 1935 1024 1998 harunce

49 2043 99 2085 rae
118 2043 218 2086 causa
236 2024 306 2106 erit,
328 2027 398 2087 tum
418 2045 452 2087 se
470 2021 627 2106 postridie
646 2043 743 2105 quam
762 2043 820 2104 per
839 2043 892 2085 eas
911 2043 1024 2086 causas

49 2109 138 2193 nebit,
166 2131 204 2174 eo
232 2109 283 2174 die
310 2116 480 2176 venturum
509 2111 735 2192 aditurumque
758 2131 843 2189 eum,
872 2111 1023 2195 quicum

49 2219 146 2282 egum,
168 2198 275 2263 visum
299 2201 493 2283 oppidumve
516 2198 690 2284 delegerit?

103 2304 132 2369 3.
166 2301 248 2368 Gell.
273 2304 325 2387 16,
343 2307 374 2387 4,
393 2305 423 2370 5.
449 2342 486 2352 —
512 2305 595 2371 Item
622 2305 657 2369 in
681 2304 794 2370 eodem
816 2304 900 2369 libro
924 2305 1023 2369 verba

49 2414 96 2458 rec
119 2396 210 2457 sunt:
236 2395 324 2458 nnles
345 2415 441 2477 qnnrn
463 2396 520 2478 dte,
542 2396 597 2477 qno'
614 2396 791 2477 praedictus
813 2399 893 2478 erot,
918 2394 1025 2459 oberat

49 2502 107 2564 qne
129 2487 290 2547 enonsotns
311 2487 386 2561 erat,
409 2483 586 2566 infrequens
608 2485 790 2549 censebatur.

429 2692 536 2750 Liber
558 2693 610 2750 VI.

99 2811 132 2874 4.
165 2807 246 2874 Gell.
271 2809 327 2890 16,
346 2811 380 2892 4,
400 2810 429 2875 6.
465 2847 502 2857 -—
537 2809 621 2873 Item
654 2810 688 2874 in
721 2811 805 2875 libro
840 2815 931 2876 sexto
959 2811 1022 2877 hoc

49 2899 170 2982 riptum
207 2901 269 2963 est:
306 2898 375 2963 aloe
410 2901 508 2964 dictae
542 2900 689 2963 exerentes
725 2901 860 2982 equitnm
893 2901 1022 2981 ordines

51 2989 93 3053 od
123 2989 238 3052 ctronno
270 2987 399 3069 lepiones
430 2991 538 3054 dentre
564 2988 752 3070 sinistroque
779 2993 927 3069 tonqnorn
953 2989 1023 3052 alne

76 3076 185 3141 ooinnr
216 3077 393 3159 corporibus
424 3078 610 3143 locabantur.
654 3077 689 3140 n'n
718 3077 831 3159 lepione
856 3082 931 3140 snnt
954 3095 1021 3140 cen-

49 3167 113 3230 rr'oe
135 3168 305 3248 senopintn
328 3167 484 3248 rnnnipnlr'
506 3167 644 3246 triptota,
666 3164 799 3230 cobortes
821 3166 928 3229 decern.

175 3409 228 3469 IV.
257 3410 307 3468 De
331 3410 457 3470 officio
480 3409 738 3468 iurisconsulti
760 3408 856 3470 libri.

99 3535 243 3594 Eiusdem
265 3535 348 3593 tituli
372 3535 501 3596 aliorum
524 3533 595 3594 libri
615 3535 684 3596 uoti
702 3554 768 3596 uuu
787 3538 873 3596 sust.
