2422 3840
95 159 138 223 26
184 159 231 215 Ill.
256 158 402 213 SEPTIMI
422 157 521 214 SAEO.
539 157 635 212 IURIS
657 157 826 214 CONSULT.
846 157 969 212 SERIES
988 157 1106 211 PlthA

184 323 214 386 2.
244 319 354 387 Cicero
378 321 416 386 de
439 322 493 388 fin.
519 324 547 405 1,
566 324 595 405 4,
617 323 668 386 12.
693 357 731 366 -
758 342 808 404 an,
831 325 944 404 partus
968 320 1105 384 ancillae

96 410 179 474 sitne
211 411 242 474 in
277 411 383 476 fructu
409 411 590 490 habendus„
623 410 800 474 disseretur
829 413 914 473 inter
941 410 1104 493 principes

97 499 252 578 civitatis,
274 497 308 563 P.
333 497 519 565 Scaevolam
544 498 763 581 Manliumque
786 497 1029 563 Manilium

185 589 215 652 3.
247 586 286 653 D.
300 589 353 668 41,
372 589 401 671 2,
421 589 520 668 3§3.
561 587 681 651 Paulus
705 588 788 651 libro
813 587 1104 671 quinquagensimo

96 681 212 762 quarto
234 676 274 740 ad
293 678 433 742 edictum
454 677 501 760 (Ρ.
517 674 605 761 658).
628 712 665 724 —
688 725 740 740 ...
759 674 881 739 Brutus
901 680 933 739 et
951 675 1104 739 Manilius

95 769 214 848 putant
237 786 320 848 eum,
344 767 398 851 qui
421 765 555 829 fundum
578 765 751 849 occoepit,
775 765 872 828 etiam
892 763 1104 829 thensaurum

96 859 230 938 cepisse,
255 856 401 938 quamvis
424 854 549 918 nesciat
572 855 606 918 in
629 854 728 918 fundo
753 875 832 918 esse.

183 945 213 1007 4.
246 941 357 1008 Cicero
391 943 431 1007 ad
463 942 539 1009 fam.
568 943 597 1026 7,
624 944 677 1009 22.
706 978 750 988 -
778 940 932 1007 Illuseras
965 940 1035 1005 heri
1061 988 1105 1020 ..,

96 1031 180 1116 quod
219 1030 362 1097 dixeram
398 1033 651 1097 controversiam
689 1052 775 1114 esse,
815 1034 965 1114 possetne
1001 1028 1105 1114 hereS,

96 1120 181 1206 quod
214 1122 335 1185 turtum
367 1126 463 1185 antea
495 1120 616 1185 factum
650 1123 747 1202 esset,
778 1119 856 1183 furti
883 1131 970 1184 recte
999 1140 1105 1203 agere.

95 1209 203 1292 itaque
297 1209 344 1273 id·
358 1215 455 1292 caput
482 1209 538 1273 ubi
565 1208 644 1274 haec
672 1209 891 1273 controversia
919 1211 968 1272 est
991 1208 1105 1272 notavi

95 1300 128 1361 et
147 1298 344 1380 descriptum
362 1298 424 1362 tibi
443 1297 525 1380 misi,
548 1301 584 1362 ut
602 1297 700 1362 scires
719 1297 760 1379 id,
784 1298 869 1381 quod
888 1300 925 1361 tu
943 1296 1105 1362 neminem
1143 1358 1146 1362 Α

95 1385 234 1450 sensisse
249 1386 387 1470 dicebas,
407 1385 477 1451 Sex.
493 1387 630 1469 Aelium,
649 1384 696 1450 Μ’
711 1385 890 1468 Manilium,
909 1384 952 1450 M.
967 1385 1104 1450 Brutum

99 1495 245 1538 sensisse.

184 1562 213 1627 5.
238 1563 318 1629 Gall.
341 1565 390 1648 ll,
407 1565 435 1645 l,
449 1564 478 1628 3.
501 1599 537 1609 -
632 1561 667 1638 Q.
688 1560 843 1627 Scaevola
865 1567 989 1646 patrem
1012 1558 1106 1627 suurn

96 1653 128 1714 et
154 1649 294 1715 Brutum
322 1656 354 1716 et
376 1652 545 1716 Manilium
663 1652 826 1735 quaesisse
855 1652 902 1716 ait
928 1651 1106 1715 dubitasse·

97 1761 170 1824 que,
208 1743 315 1805 utrum
352 1740 387 1805 in
423 1746 498 1825 post
534 1742 620 1806 facta
652 1740 747 1804 modo
781 1741 867 1804 furta
898 1740 1022 1805 valeret
1054 1740 1106 1804 lex

95 1850 137 1892 an
170 1829 267 1894 etiam
298 1829 333 1893 in
361 1833 457 1895 antea
484 1829 584 1913 facta,
617 1831 770 1914 quoniam
798 1829 1003 1912 ‘subruptum
1031 1827 1106 1892 arit'

95 1923 266 2002 utrumque
294 1925 421 2002 tempus
449 1919 613 1984 videretur
642 1918 825 1999 ostendere,
857 1923 924 1982 tam
952 1919 1105 2000 praeteri·

94 2011 163 2071 tum
188 2030 283 2092 quam
308 2008 459 2074 futurum.

409 2217 603 2276 Actiouum
626 2207 670 2296 (l)
695 2215 785 2274 libri

183 2340 364 2415 Pomponius
389 2337 408 2414 ξ
430 2341 470 2400 39
564 2333 700 2398 ‘Publius
722 2339 839 2398 Mucius
864 2340 962 2399 decem
986 2340 1106 2402 libellos

95 2429 230 2506 reliquit,
264 2428 377 2487 Brutus
410 2431 537 2505 septem,
569 2429 709 2487 Manilius
740 2422 831 2504 tres'3
865 2429 917 2487 ubi
944 2429 1106 2507 legendum

95 2518 196 2593 potius
219 2518 339 2576 videtur
363 2510 518 2577 ‘Manilius
541 2519 670 2595 septem,
697 2517 811 2576 Brutus
834 2511 916 2576 tres'.
958 2519 994 2576 cf.
1014 2536 1105 2594 supra

94 2627 122 2684 p.
143 2609 192 2676 24,
217 2606 296 2664 infra
319 2627 347 2681 p.
366 2608 416 2665 41.

183 2695 340 2753 Manilium
367 2712 460 2771 aequo
484 2697 573 2770 atque
599 2694 628 2754 P.
651 2695 783 2753 Mucium
808 2697 837 2753 et
859 2694 988 2753 Brutum
1013 2695 1105 2754 etiam

95 2783 202 2843 dubias
240 2787 270 2842 et
307 2786 512 2843 controversas
549 2801 596 2842 res
633 2787 779 2842 tractasse
814 2786 947 2858 apparet.
1002 2803 1105 2843 rorum

96 2873 167 2932 ordo
193 2873 331 2948 cognosci
354 2872 470 2948 nequit:
493 2892 531 2931 ne
554 2872 643 2931 unius
667 2872 785 2949 quidem
804 2871 873 2930 libri
893 2875 1106 2949 argumentum

95 2962 235 3021 traditur.

187 3072 214 3134 1.
247 3070 348 3135 Varro
377 3070 416 3134 de
439 3071 459 3134 l.
482 3071 503 3134 l.
529 3069 710 3152 7‚5,105.
741 3105 778 3116 -
809 3092 926 3134 nexum
949 3069 1104 3135 Manilius

98 3160 210 3224 scribit
238 3181 332 3224 omne
360 3159 444 3242 quod
468 3181 525 3242 per
548 3159 664 3222 libram
690 3163 722 3221 et
745 3181 795 3222 res
819 3159 954 3243 geritur,
982 3159 1015 3223 in
1040 3182 1104 3243 quo

97 3249 162 3313 sint
185 3249 355 3331 mancipia.

185 3338 213 3400 2.
237 3337 494 3414 Priscian.8,16
514 3359 544 3419 p.
559 3336 623 3401 382
644 3336 689 3400 ed.
709 3335 817 3400 Hertz.
832 3373 876 3382 —
890 3337 1004 3401 melius
1025 3333 1104 3423 (for-

95 3430 182 3490 tasse
207 3423 257 3490 M'.
275 3424 443 3507 Manilius)
468 3425 615 3508 impubes
640 3425 795 3508 libripens
820 3446 890 3489 esse
909 3447 975 3489 non
993 3430 1104 3509 potest

94 3536 198 3598 neque
223 3513 388 3579 antestari.
