2422 3840
411 180 435 228 1.
459 174 489 228 Ρ.
504 171 669 228 ALFENUS
688 169 809 226 VARUS
832 175 835 182 '
1039 169 1114 233 ’329

110 336 420 422 quoquepeeuniam
440 336 626 400 solvissent:
647 333 776 399 Servius
795 333 961 418 respondit
980 356 1119 418 aequum

110 447 179 490 esse
203 429 386 509 praetorem
409 425 443 489 in
466 446 539 488 eum
563 424 694 488 reddere
721 422 884 516 iudicium.

199 547 235 604 of.
260 545 357 606 Servii
379 563 522 620 response
546 545 617 604 131.

521 739 629 798 Liber
651 737 711 796 XL.

202 855 301 915 Huius
333 857 460 917 fortasse
492 854 564 914 libri
577 854 795 930 ⁴lrugmentum
823 858 867 914 est
891 854 975 929 quod
1004 845 1125 914 subieoi.

466 1007 510 1062 De
528 1007 617 1075 rapite
634 1005 766 1060 minutis?

208 1109 279 1174 114.
310 1109 348 1175 D.
368 1109 421 1191 48,
440 1107 492 1189 22,
512 1107 542 1171 3.
578 1105 716 1170 Alfenus
740 1104 823 1170 libro
846 1105 951 1190 primo
971 1107 1128 1189 epitome·
1170 1115 1172 1120 '

115 1219 186 1260 rum
207 1194 256 1284 (P.
271 1194 339 1284 33).
378 1196 474 1278 Eum,
493 1196 547 1280 qui
566 1195 730 1260 civitatem
749 1195 921 1278 emitteret,
938 1194 1020 1258 nihil
1040 1195 1127 1260 aliud

114 1287 193 1352 iuris
223 1287 363 1352 adimere
386 1285 512 1365 liberis,
541 1283 607 1349 nisi
630 1283 715 1367 quod
739 1285 779 1348 ab
803 1284 875 1367 ipso
898 1288 1127 1368 perventurum

115 1380 202 1440 esset
225 1374 265 1440 ed
289 1397 359 1456 eos,
385 1375 413 1438 si
435 1375 611 1437 intestatus
634 1373 669 1436 in
693 1373 824 1438 civitate
847 1377 1028 1438 moreretur
1053 1374 1128 1453 [hoo

116 1469 165 1528 est
183 1464 395 1528 hereditatem
415 1463 483 1527 eius
503 1465 535 1525 et
554 1461 688 1526 libertos
709 1465 741 1525 et
761 1462 789 1526 si
811 1461 888 1545 quid
909 1460 995 1525 aliud
1014 1463 1049 1526 in
1065 1462 1128 1528 hoo

14 1586 15 1590 =
115 1574 231 1637 genere
255 1552 413 1640 repperiri
436 1552 572 1635 potest];
602 1571 782 1633 quaerero
807 1572 875 1652 non¹
897 1573 916 1614 a
938 1555 1043 1636 patre,
1072 1553 1127 1616 sed
1174 1638 1175 1641 Ἴ

116 1643 543 1794 ἒέἔέὲῗῗῑέῑὲἱῖἶέἰῗῐᾏ.“
556 1660 676 1811 {tlt
695 1638 1127 1794 {littllltllllst

115 1819 281 1902 legitimos
314 1817 448 1881 heredes
481 1819 514 1897 et
546 1815 761 1898 adgnatorum
776 1853 780 1865 =
796 1817 917 1880 tutelas
946 1821 978 1881 et
1004 1818 1127 1883 heredi·

114 1912 200 1971 tetes
223 1907 406 1971 habituros:
435 1927 502 1969 non
529 1905 614 1968 enim
637 1903 718 1968 haee
742 1908 882 1989 petrem,
909 1906 965 1969 sed
988 1908 1128 1972 maiores

70 2075 71 2079 Ἰ
115 1995 182 2058 eius
206 1997 251 2058 eis
275 1994 409 2059 dedisse.

202 2114 239 2172 of.
263 2113 359 2173 Servii
381 2133 524 2189 responsa
548 2116 620 2174 150.

353 2345 408 2403 ΙΙΙ.
442 2311 767 2404 Coniectaneorum
789 2342 886 2402 libri.

208 2466 323 2527 Gellius
344 2470 372 2542 7,
388 2470 450 2543 5,1
476 2461 615 2528 ‘Alfenus
637 2468 866 2545 iureconsultus,
887 2467 984 2528 Servii
1002 2469 1129 2545 Sulpicii

118 2557 293 2632 discipulus,
316 2558 348 2615 in
370 2557 448 2616 libro
548 2556 814 2617 Coniectaneorum
883 2551 1011 2619 seeundo
1036 2603 1064 2619 ..
1083 2559 1127 2617 in-

116 2639 203 2721 quit'.
257 2644 470 2705 Coniectaneos
497 2645 598 2706 Alfeni
631 2646 724 2706 libros
759 2638 877 2722 partem
909 2664 973 2705 esse
1000 2648 1126 2708 alterius

43 2741 45 2745 ’
118 2735 251 2794 eiusdem
280 2735 433 2811 scriptoris
462 2735 572 2810 operis,
601 2733 722 2794 seilicet
741 2733 949 2810 Digestorum,
976 2741 1048 2796 sunt
1074 2738 1126 2812 qui

117 2826 232 2898 putent,
256 2823 336 2882 inter
358 2841 432 2900 quos
455 2822 536 2882 Ioers
559 2823 579 2883 l.
598 2842 621 2882 e.
638 2818 754 2899 1474,
768 2822 848 2900 quod
870 2842 964 2901 aequo
987 2825 1126 2908 displicet

116 2915 206 2988 atque
235 2913 314 2987 quod
341 2912 394 2970 ulii
418 2911 581 2984 oonioiunt,
608 2910 821 2971 Coniectaneos
844 2912 937 2972 libros
960 2933 1021 2984 non
1042 2914 1126 2973 eliud

116 3020 190 3076 opus
215 3019 278 3060 esse
302 3003 393 3075 utque
415 3000 529 3059 Aufidii
552 3001 703 3059 Nemeseo
727 3001 938 3060 collectionem.

204 3089 436 3150 Iurisconsultos
461 3089 580 3148 eusdem
602 3107 649 3148 res
670 3107 883 3164 nonnunquam
901 3092 964 3148 tam
983 3090 1013 3148 in
1033 3090 1122 3168 Dige-

116 3181 231 3237 storum
258 3178 344 3238 libris
372 3171 463 3254 que'm
490 3179 521 3236 in
549 3172 623 3236 eliis
647 3177 786 3252 operibus
809 3177 971 3253 protulisse
994 3181 1123 3238 constat:

115 3268 251 3342 exemplu
286 3266 431 3342 praebent
467 3266 603 3342 inprimis
635 3264 753 3342 Celsus,
791 3267 843 3344 qui
874 3266 954 3325 idem
985 3261 1123 3343 ‘Epistu-

114 3355 212 3414 larum
246 3355 324 3415 libro
356 3356 512 3415 undecimo
546 3359 576 3414 et
607 3354 802 3432 Digestorum
834 3355 962 3414 seeundo
994 3352 1123 3415 iraolet'

116 3437 165 3520 (D.
186 3446 215 3516 4,
234 3446 263 3520 4,
283 3446 312 3520 3,
333 3436 366 3523 1)
396 3446 444 3504 vel
471 3444 550 3503 idem
578 3436 666 3503 ‘libro
695 3444 867 3503 duodecimo
896 3442 1136 3517 Quaestionum

115 3532 310 3608 Digestorum
333 3533 489 3595 undecimo
516 3577 549 3593 ..
573 3525 625 3594 uit'
654 3524 710 3616 ᾧ.
725 3523 964 3612 (ὶῦρῃἢρλῆ
981 3523 1161 3584 ueffiim
