2422 3840
312 155 337 206 8.
364 147 517 205 SERVIUS
535 147 720 204 SULPICIUS
739 146 856 203 RUFUS
1027 146 1089 210 163

169 317 215 378 Ut
237 318 357 395 reliqua
378 317 582 393 expediantur,
605 319 675 375 ante
697 316 797 376 omnia
814 317 1017 392 quaerendum
1037 319 1091 388 est,

78 411 187 468 utrum
206 425 276 467 oum
294 406 409 466 Paulus
437 408 468 465 et
490 424 657 482 anonymus
680 408 746 464 tum
764 403 965 463 Tribonianus
988 404 1091 464 Alieni

77 497 175 559 rerba
192 496 306 573 ubique
319 494 499 554 retinuerint
512 513 551 553 an
564 512 779 571 nonnunquam
792 493 985 552 mutaverint.
1010 494 1091 569 quod

79 586 118 645 ad
136 584 364 658 Tribonianum‚
386 601 597 659 responsorum
620 583 750 642 formem
773 582 811 640 ab
830 581 939 640 Alieno
960 583 1091 658 plerum-

80 693 138 750 que
161 674 313 732 rstentam
334 671 367 731 in
384 671 546 731 Iustiniani
563 671 698 748 Digestis
722 670 839 747 saepius
857 672 1007 729 mutatam
1027 688 1091 728 essa

79 763 171 840 idque
194 761 450 840 negligentissime
473 762 606 836 apparet
648 778 756 836 operae
774 759 906 835 pretium
927 759 993 835 erit,
1015 777 1092 837 quae

79 851 245 914 varietates
272 850 304 909 in
328 849 492 909 referendis
514 847 616 908 Alfeni
639 848 739 908 verbis
762 848 967 920 inveniantur,
994 866 1092 906 exem-

80 940 140 1016 plis
163 939 328 999 illustrare.

168 1027 205 1086 In
240 1026 395 1086 nonnullis
427 1027 515 1086 Pauli
551 1029 581 1085 et
618 1026 759 1103 anonymi
795 1026 971 1101 fragmentIs
1003 1025 1091 1084 hodie

79 1120 110 1176 et
133 1116 316 1177 consultatio
336 1119 366 1176 et
384 1133 560 1190 responsum
577 1114 664 1190 plene
683 1114 884 1193 genuinoque,
907 1117 942 1173 ut
960 1113 1089 1190 videtur,

78 1207 179 1265 forma
204 1205 358 1284 leguntur.
407 1205 543 1280 exempla
569 1204 662 1263 habea
690 1203 771 1280 apud
793 1202 922 1262 Panium
945 1202 977 1261 P.
994 1204 1045 1276 36,
1064 1205 1090 1260 1.

79 1297 132 1354 43.
157 1288 210 1370 44,
226 1296 255 1355 2.
278 1295 330 1354 48.
355 1294 405 1354 51.
430 1294 525 1369 54pr.
542 1295 569 1365 2,
591 1294 619 1353 3.
649 1295 699 1353 61.
724 1294 819 1369 6255.
836 1295 865 1352 3.
889 1294 940 1352 69.
965 1295 1015 1353 71.
1040 1293 1090 1364 73,

79 1383 161 1459 apud
184 1401 366 1459 anonymum
388 1381 422 1441 P.
437 1384 467 1459 4,
482 1384 512 1440 2.
536 1383 604 1456 5pr.
622 1383 649 1458 1,
664 1383 693 1440 2.
713 1384 741 1441 6.
763 1384 790 1458 7,
807 1384 835 1458 1,
850 1382 879 1457 2,
895 1382 924 1457 3,
939 1383 968 1440 4.
989 1382 1018 1439 8.
1040 1383 1090 1440 10.

81 1473 182 1546 15,1.
212 1474 261 1531 17.
292 1472 331 1530 18
351 1490 395 1546 pr.
426 1473 476 1530 13.
505 1472 556 1530 20.
586 1470 626 1529 23
645 1490 690 1546 pr.
717 1467 770 1530 24.
798 1472 848 1530 25.
878 1472 928 1529 27.
959 1471 1009 1529 28.
1039 1470 1090 1528 29.

79 1560 110 1618 in
142 1559 191 1619 Ius
220 1559 397 1638 fragmentis
425 1559 536 1636 ubique
562 1578 595 1617 re
622 1559 689 1634 ipsa
715 1560 869 1635 proposita
895 1558 1090 1618 Inveniuntur

77 1648 210 1726 primunr
242 1642 475 1725 ‘quaerebatur'
509 1639 572 1728 (vel
604 1641 789 1723 ‘quaesitum
822 1641 898 1727 est')
930 1648 979 1708 rel
1012 1641 1091 1707 ‘oon-

80 1731 260 1904 qqqungq',
286 1736 392 1796 deinde
416 1730 592 1812 ‘respondit'
615 1737 663 1795 vel
687 1730 850 1812 ‘respondi'
874 1731 936 1816 (vel
960 1730 1091 1812 ‘respon-
1205 1747 1208 1753 “

170 1913 206 1972 In
229 1914 297 1973 aliis
319 1913 498 1989 fragmentis
521 1932 554 1972 re
573 1913 639 1988 ipsa
657 1912 812 1988 proposIta
830 1915 949 1971 tantum
968 1930 1089 1987 respon-

81 2021 148 2063 sum
171 2003 310 2078 refertur,
332 2003 377 2061 ita
399 2004 434 2061 ut
457 2002 638 2061 consultatio
661 2020 721 2059 non
740 2001 886 2075 expressis
904 2000 1005 2059 verbis
1023 2019 1091 2075 pro-

79 2091 205 2151 feratur.
243 2091 378 2165 exempla
395 2091 487 2150 habes
506 2090 586 2166 apud
604 2090 734 2149 Paulum
757 2088 789 2147 P.
805 2091 854 2148 34.
880 2089 971 2163 39,1.
996 2089 1091 2161 44,1.

79 2181 131 2239 46.
156 2183 255 2254 51,1.
287 2171 353 2255 521,
373 2182 400 2238 1.
430 2181 533 2255 54,1.
557 2181 586 2237 4.
616 2180 666 2238 55.
691 2180 740 2238 58.
771 2180 827 2251 62,
852 2180 880 2236 2.
903 2179 933 2235 4.
963 2178 1013 2236 65.
1039 2179 1089 2252 70,

80 2269 160 2343 apud
193 2287 375 2345 anonymum
404 2268 436 2328 P.
457 2271 512 2328 11.
542 2270 590 2327 14.
622 2270 724 2343 18,1.
778 2265 884 2324 inhis
912 2265 1089 2343 fragmentis

79 2357 241 2417 dictionem
272 2357 416 2416 traditam
442 2356 474 2415 in
500 2357 621 2416 brevius
651 2358 835 2416 contractam
863 2373 927 2413 esse
956 2373 1091 2412 nonnun-

80 2464 172 2522 quam
195 2448 329 2521 apparet.

168 2533 206 2591 In
224 2534 292 2592 aliis
311 2533 488 2612 fragmentis
507 2553 600 2609 aeque
618 2552 794 2610 responsum
811 2535 931 2591 tantum
950 2531 1089 2607 refertur,

79 2623 132 2683 sed
150 2622 197 2682 ita
214 2625 250 2681 ut
267 2623 332 2682 eius
350 2624 447 2682 forma
465 2622 673 2700 aliquatenus
693 2622 854 2680 immutata
872 2621 918 2680 sit.
955 2621 1090 2696 exempla

78 2711 173 2771 habes
201 2710 282 2787 apud
309 2711 438 2770 Paulum
470 2710 501 2771 P.
528 2713 578 2770 32.
607 2712 658 2770 41.
683 2712 734 2770 45.
760 2712 801 2769 60
815 2729 872 2785 pr,
906 2709 986 2784 apud
1017 2727 1090 2767 ano-

77 2818 206 2877 nymum
233 2799 265 2859 P.
288 2801 315 2859 9.
344 2792 409 2858 211.
460 2799 608 2876 quomodo
637 2799 836 2857 Tribonianus
863 2798 964 2857 Alfeni
997 2798 1089 2858 verba

78 2889 254 2964 mutaverit,
276 2887 308 2947 P.
325 2890 367 2948 60
390 2888 502 2964 optIme
526 2889 620 2966 docet,
646 2886 698 2945 ubi
720 2886 793 2945 haee
813 2887 954 2962 legimus:
978 2879 1089 2962 ‘supel-

78 2976 190 3037 leetilis
215 2994 265 3035 eas
288 2994 336 3036 res
360 2995 424 3036 esse
448 2979 549 3055 puto,
577 2995 653 3052 quae
676 3018 705 3034 ..
729 2971 852 3051 paratae
877 2977 1001 3034 essent
1024 3019 1089 3049 ...,

80 3084 175 3143 quare
204 3084 280 3142 quae
379 3066 609 3142 pertinerent
631 3083 727 3140 neque
827 3065 962 3139 essent,
991 3062 1088 3136 supel-

80 3155 191 3215 lectilis
213 3172 274 3214 non
296 3146 382 3214 esse'.

169 3242 205 3302 In
233 3242 301 3302 aliis
330 3243 457 3318 denique
485 3242 660 3318 fragmentis
687 3240 824 3316 responsi
848 3241 945 3299 forma
966 3255 1089 3314 prorsus

79 3333 181 3391 delata
209 3350 258 3391 res
287 3331 467 3409 generaliter
494 3331 641 3391 definitur.
693 3329 861 3405 exemplum
888 3326 980 3386 habes
1009 3327 1090 3401 apud

79 3420 211 3480 Paulum
229 3419 261 3480 P.
278 3420 329 3496 50,
348 3420 427 3496 apud
446 3439 627 3496 anonymum
645 3419 677 3480 P.
694 3421 743 3479 13.
774 3436 823 3476 res
840 3417 885 3476 ita
900 3415 1090 3494 negligenter

80 3509 222 3584 expedita
258 3511 316 3586 est,
352 3511 389 3568 ut
424 3509 519 3568 altero
551 3509 616 3568 looo
648 3509 724 3568 talia
754 3508 903 3586 legamus:
940 3499 985 3566 ‘ai
1014 3504 1099 3580 quis,

832 3605 889 3665 tr*
