2422 3840
274 126 300 176 ¹1.
323 121 355 188 Q.
374 119 510 176 Muclus
528 119 557 174 P.
572 121 602 176 F.
615 118 646 175 P.
661 120 694 175 N.
711 117 900 176 SCAEVOLA
1047 118 1089 183 89

171 285 202 350 3.
221 284 260 349 D.
275 285 305 368 9,
322 285 349 366 1,
366 285 394 365 1,
410 284 461 349 11.
493 281 652 366 Ulpianus
666 283 749 348 libro
765 288 881 348 octavo
896 282 936 347 ad
952 284 1091 348 edictum

78 373 129 458 (P.
144 372 236 459 608).
273 371 355 439 eum
368 373 485 438 arietes
499 374 551 439 vel
565 373 665 437 boves
680 368 840 458 (noxiam)
856 372 1093 437 commisissent

78 469 113 528 et
136 463 222 527 alter
245 462 383 526 alterum
406 461 535 546 occidit,
563 461 700 538 Quintus
724 459 850 525 Mucius
874 461 1032 544 distinxit,
1057 468 1094 526 ut

77 551 107 616 si
147 551 278 636 quidem
309 551 338 616 is
371 549 509 633 perisset
540 551 595 635 qui
628 550 800 635 adgressus
833 554 916 629 erat,
953 554 1094 614 cessaret

78 640 182 720 actio,
211 639 240 704 si
265 641 294 704 is
320 641 375 725 qui
396 660 463 704 non
486 643 733 723 provocaverat,
761 642 958 722 competeret
981 637 1092 703 actio.1

500 891 610 951 Liber
632 892 679 951 X‘?

447 1017 494 1076 De
515 1021 593 1076 stulu
615 1018 732 1076 liberis?

172 1136 213 1201 D.
235 1136 288 1219 40,
308 1137 336 1219 7,
354 1137 397 1201 29
425 1137 494 1216 §L
545 1133 743 1220 Pomponius
780 1136 863 1200 libro
901 1142 1016 1202 octavo
1053 1139 1093 1202 ad

78 1226 241 1302 Quintum
267 1225 409 1290 Mucium
437 1221 486 1312 (P.
510 1223 598 1304 275).
647 1223 784 1301 Quintus
812 1225 937 1290 Mucius
967 1225 1093 1291 scribit:

78 1319 178 1400 pater
200 1313 342 1380 familias
364 1313 399 1378 in
421 1317 616 1379 testamento
640 1319 812 1397 scripserat
833 1313 873 1379 ‘si
892 1313 1094 1380 Andronicus

80 1425 197 1468 servus
228 1425 318 1467 meus
350 1402 459 1466 heredi
488 1424 561 1467 meo
590 1402 713 1468 dederit
741 1402 862 1482 decem,
891 1403 975 1469 liber
1003 1402 1094 1471 esto'.

80 1490 200 1556 deinde
222 1492 261 1556 de
284 1490 336 1556 his
359 1491 453 1556 bonis
473 1497 624 1576 coeperat
642 1493 859 1558 controversia
878 1515 961 1558 esse:
985 1493 1093 1578 quise

80 1582 159 1666 lege
184 1580 334 1645 heredem
362 1581 472 1645 aiebat
499 1601 583 1662 esse,
611 1581 639 1644 is
668 1603 739 1645 eam
762 1582 973 1646 hereditatem
996 1583 1036 1647 ad
1060 1605 1093 1646 se

81 1669 247 1755 pertinere
262 1668 399 1748 dicebat,
418 1670 508 1753 alter,
525 1669 579 1753 qui
593 1668 807 1735 hereditatem
822 1671 1016 1754 possidebat,
1031 1672 1093 1735 aie·

81 1760 143 1823 bat
160 1761 356 1822 testamento
377 1779 411 1823 se
429 1758 579 1822 heredem
599 1779 676 1823 esse.
713 1759 885 1823 secundum
905 1758 1092 1846 (lcontra‘i)

81 1868 159 1912 eum
192 1846 353 1911 sententia
384 1846 473 1911 dicta
502 1851 584 1930 erat,
616 1847 671 1930 qui
697 1850 895 1912 testamento
924 1849 1034 1913 aiebat
1061 1871 1095 1912 se

81 1936 237 2001 heredem
264 1956 343 2000 esse.
391 1935 502 2000 deinde
528 1935 732 2000 Andronicus
762 1936 949 2019 quaerebat,
978 1937 1005 2000 si
1032 1937 1095 2020 ipsi

82 2024 205 2110 viginti
240 2023 398 2109 dedisset,
434 2024 586 2108 quoniam
624 2024 797 2088 secundum
830 2046 903 2088 eum
936 2026 1097 2088 sententia

83 2112 173 2178 dicta
192 2115 251 2195 est,
269 2111 437 2177 futurusne
457 2117 543 2178 esset
560 2112 642 2177 liber
656 2134 696 2176 an
711 2113 793 2177 nihil
808 2112 955 2176 rideatur
968 2118 1095 2176 senten-

82 2202 142 2285 tia,
166 2223 231 2286 qua
249 2201 336 2284 vicit,
359 2201 400 2266 ad
419 2223 490 2266 eam
508 2223 577 2265 rem
595 2201 725 2267 valere?
753 2201 942 2285 <respondit
960 2201 1096 2284 valere).

83 2293 283 2376 quapropter
315 2290 343 2354 si
375 2291 493 2376 viginti
524 2290 634 2355 heredi
667 2291 788 2375 scripto
816 2290 957 2354 dedisset
985 2293 1017 2354 et
1045 2311 1095 2354 res

83 2384 202 2446 contra
228 2400 448 2462 possessorem
477 2378 619 2444 iudicata
642 2384 741 2463 esset,
769 2380 861 2444 illum
884 2380 918 2443 in
942 2380 1096 2444 servitute

82 2467 163 2534 fore.
199 2466 308 2532 Labeo
327 2467 388 2533 hoc
408 2467 495 2552 quod
514 2465 651 2543 Quintus
666 2467 790 2534 Mucius
810 2468 944 2535 scribit.
959 2519 966 2534 .
981 2520 988 2534 .
1002 2470 1098 2552 putat

82 2579 197 2623 varum
221 2578 292 2621 esse

175 2685 260 2756 Quae
278 2685 479 2746 Tribonianus
497 2686 631 2745 Mucium
654 2687 805 2762 scripsisse
825 2686 907 2765 dicit,
929 2706 988 2746 non
1007 2687 1098 2746 Mucii

82 2776 180 2837 uerba
207 2777 290 2849 sunt,
323 2775 375 2834 sed
402 2776 512 2852 partim
540 2779 619 2834 certe
647 2775 816 2852 Pomponii,
849 2776 901 2850 qui
927 2776 1097 2834 Mucianam

83 2864 267 2925 sententiam
292 2863 406 2923 retulit.
452 2867 485 2923 at
506 2883 543 2923 na
567 2863 768 2924 Tribonianus
791 2865 911 2942 quidem
935 2883 1056 2923 manum
1079 2883 1098 2922 a

82 2955 152 3014 loco
175 2952 297 3013 videtur
320 2953 507 3012 abstinuisse.
555 2959 685 3011 ceterum
709 2973 737 3013 v.
761 2972 853 3028 supra
876 2973 903 3028 p.
926 2956 974 3013 72.

159 3147 173 3195 1
194 3143 239 3197 De
256 3141 427 3209 sequentibus
444 3141 533 3194 uerbis
554 3139 647 3207 ‘quam
663 3139 772 3193 obrem
787 3157 850 3193 eum
866 3137 920 3192 sibi
935 3141 983 3191 aut
997 3153 1097 3192 noxam

84 3217 191 3270 sarcire
210 3211 261 3267 aut
277 3212 308 3264 in
325 3226 426 3264 noxam
441 3210 542 3265 dedere
557 3210 697 3279 oporterc’
714 3227 736 3265 c.
753 3210 837 3264 Leuci
852 3211 983 3264 Edictum
993 3216 1096 3278 perpet.
1143 3241 1144 3244 =

80 3306 110 3358 p.
126 3289 183 3341 155
201 3290 226 3340 et
247 3281 310 3338 Pal.
329 3283 366 3336 ad
389 3280 537 3351 Ulpianum
557 3286 621 3336 608.
