2422 3840
94 119 156 184 188
199 120 244 173 VI.
266 119 398 175 OCTAVI
416 119 512 174 SAEO.
531 104 627 174 Iulus
647 117 819 174 CONSULT.
836 116 964 172 suulss
984 117 1101 173 PRIMA

182 287 256 346 Cum
280 288 374 364 igitur
396 287 475 364 quod
494 285 588 345 Cinna
611 286 722 364 scribit,
746 305 815 345 oum
837 305 871 345 eo
890 287 970 362 quod
991 284 1104 345 Sabino

93 377 241 454 placebat,
264 395 323 436 non
346 377 509 446 conveniat,
534 378 588 434 aut
610 376 750 434 mendum
772 375 876 434 subest
896 367 965 453 (pro
984 368 1104 434 ‘absen-

93 459 166 524 tem'
185 465 218 523 P.
232 465 329 523 Faber
348 458 480 524 ‘absens'
498 466 597 541 legere
616 456 747 543 mavult)
766 467 819 523 eut
836 462 948 522 Cinnae
967 468 1104 540 tempore

94 555 152 613 alio
176 554 240 611 iure
264 555 428 613 utebantur
450 557 539 630 atque
563 553 642 630 quod
666 552 793 611 Sabinus
817 551 942 612 statuit:
967 552 1000 610 id
1024 552 1104 628 quod

94 642 189 720 magis
212 643 321 718 placet.
626 709 630 726 Ι

503 713 550 771 De
572 713 693 772 dotibus.

183 814 234 879 64.
257 813 296 878 D.
311 814 363 895 23,
377 816 408 897 3,
426 814 477 898 79,
488 816 515 878 1.
544 813 653 878 Labeo
672 813 756 877 libro
775 816 867 876 sexto
885 813 1105 896 posteriorum

95 902 283 968 alavoleno
303 905 551 987 epitomatorum
568 899 616 986 (P.
631 898 720 988 221).
753 900 850 966 Pater
868 901 954 966 filiae
972 901 1105 966 nomine

95 996 223 1056 centum
257 991 324 1055 doti
356 992 402 1055 ita
434 989 541 1074 dioill,
574 1012 646 1055 cum
679 990 975 1055 commodissimum
1010 995 1104 1055 esset.

94 1079 208 1144 Ateius
228 1080 358 1163 scripsit
376 1078 522 1145 Servium
542 1080 754 1163 respondisse,
777 1101 847 1143 cum
871 1079 1014 1163 primum
1034 1077 1105 1142 sine

94 1169 295 1252 turpitudine
319 1172 352 1232 et
374 1169 508 1233 infamia
531 1169 600 1231 dari
623 1167 741 1251 possit,
764 1168 883 1232 deberi.

167 1279 180 1325 1
201 1273 390 1327 Tribouiauus
407 1271 544 1340 promisit.

184 1372 248 1437 65?
270 1372 309 1436 D.
324 1372 416 1457 23,4,
427 1373 477 1437 19.
501 1371 636 1435 Alfenus
651 1371 735 1435 libro
750 1370 846 1435 tertio
862 1369 1071 1455 Digestorum
1087 1393 1106 1434 a

96 1461 196 1525 Paulo
211 1462 460 1544 epitomatorum
474 1459 521 1545 (P.
531 1459 599 1546 57).
627 1460 724 1524 Aliud
739 1463 798 1546 est,
812 1460 840 1523 si
854 1463 947 1545 pater
960 1482 1021 1543 pro
1037 1460 1105 1524 filia

96 1550 204 1613 dotem
222 1550 382 1632 promisit,
405 1554 441 1612 ut
460 1572 567 1614 annua
586 1550 673 1613 bima
687 1549 784 1613 trima
801 1548 970 1633 quadrimo
990 1550 1104 1631 quinto

96 1658 180 1702 anno
200 1638 258 1702 dos
278 1661 297 1701 a
316 1661 349 1700 se
367 1639 562 1721 redderetur,
582 1645 614 1701 et
633 1638 792 1720 convenit,
814 1642 852 1701 ut
868 1637 970 1700 isdem
989 1637 1104 1701 diebus

96 1727 154 1790 dos
182 1729 289 1791 soluto
313 1727 518 1792 matrimonio
547 1727 745 1791 redderetur:
777 1726 839 1791 hoc
862 1725 947 1789 enim
970 1729 1104 1808 pactum

96 1816 142 1878 ita
157 1815 253 1900 valet,
276 1816 304 1880 si
320 1817 407 1900 patri
425 1815 492 1880 filia
510 1816 603 1879 heres
623 1816 802 1880 exstitisset
821 1821 854 1877 et
868 1815 1105 1878 interveniente

96 1926 133 1968 ea
155 1909 287 1987 pactum
310 1910 504 1969 conventum
528 1905 634 1967 fuerit.

184 2007 293 2066 Utrum
317 2008 413 2067 Servii
436 2027 474 2066 an
491 2007 594 2065 Alfeni
616 2007 665 2066 vel
688 2006 777 2064 Pauli
799 2024 975 2082 responsum
999 2006 1105 2082 subsit,

96 2097 126 2153 in
153 2096 266 2156 incerto
293 2097 484 2173 relinquitur.
530 2096 566 2154 de
594 2096 664 2154 dote
687 2096 789 2172 legata
812 2114 839 2156 v.
863 2114 956 2170 supro
976 2115 1006 2171 p.
1032 2098 1103 2154 171.

186 2198 237 2262 66.
261 2195 297 2259 D.
312 2198 364 2278 24,
373 2198 404 2282 3,
414 2196 456 2260 66
467 2219 513 2279 pr:
542 2195 713 2260 Iavolenus
732 2195 815 2259 libro
835 2199 925 2259 sexto
946 2217 984 2259 ex
999 2199 1103 2278 poste·

96 2286 235 2350 rioribus
255 2283 416 2349 Labeonis
436 2283 485 2368 (P.
502 2280 591 2370 227).
627 2283 667 2348 ln
685 2283 735 2347 his
754 2285 860 2366 rebus,
879 2306 957 2367 quas
976 2290 1104 2368 praeter

97 2379 300 2438 numeratam
323 2373 491 2457 pecuniam
516 2372 583 2436 doti
604 2374 653 2436 vir
672 2371 779 2456 habet,
802 2372 913 2436 dolum
932 2374 1054 2437 malum
1072 2377 1104 2436 et

97 2463 225 2545 culpam
255 2483 327 2524 eum
351 2465 516 2544 praestare
544 2466 694 2545 oportere
719 2459 847 2525 Servius
872 2461 926 2525 ait.
972 2483 1012 2524 ea
1035 2483 1102 2526 sen-

97 2552 200 2613 tentia
222 2548 331 2613 Publii
354 2550 452 2614 Mucii
475 2554 524 2613 est
547 2599 576 2615 ..

186 2653 221 2711 cf.
246 2670 336 2727 supra
358 2672 387 2728 p.
407 2655 457 2712 32.

186 2753 238 2818 67.
268 2752 305 2816 D.
325 2755 377 2836 23,
396 2755 425 2835 3,
445 2753 496 2818 79.
535 2753 642 2818 Labeo
666 2754 749 2817 libro
773 2758 865 2818 sexto
888 2754 1101 2837 posteriorum

98 2865 117 2906 a
132 2841 283 2906 lavoleno
303 2844 550 2926 epitomatorum
565 2839 613 2929 (P.
628 2838 717 2928 221).
750 2843 838 2907 Avus
853 2842 961 2927 neptis
975 2844 1102 2907 nomine

98 2932 163 2995 filio
179 2937 273 2994 natae
289 2953 406 3016 genero
422 2931 529 2996 dotem
546 2932 633 2995 dedit
646 2939 679 2995 et
693 2932 838 2997 moritur.
860 2936 961 3015 negat
975 2930 1102 2996 Servius

99 3021 207 3085 dotem
233 3020 273 3083 ad
296 3028 422 3103 patrem
446 3020 573 3084 reverti.

274 3186 320 3244 De
343 3187 544 3244 deuotionibus
568 3189 593 3242 et
616 3187 655 3244 ud
677 3186 764 3259 tepea
788 3184 926 3244 Crucium.

188 3297 240 3362 68.
260 3295 360 3372 D.24‚
372 3296 400 3371 1,
415 3294 506 3372 38,1.
535 3294 670 3358 Alfenus
684 3295 769 3358 libro
783 3294 880 3359 tertio
895 3295 1101 3379 Digestorum

100 3407 119 3448 a
142 3386 242 3449 Paulo
267 3385 518 3468 epitomatorum
536 3381 584 3466 (P.
604 3383 670 3466 59).
707 3383 796 3446 Idem
819 3384 898 3447 iuris
922 3405 992 3467 esse,
1017 3385 1102 3448 sier

97 3473 202 3536 tribus
223 3473 380 3536 fratribus
404 3495 485 3535 unus
512 3493 642 3536 uxorem
664 3472 800 3537 haberet
823 3476 856 3536 et
878 3494 947 3536 rem
967 3494 1102 3538 commu·
