2422 3840
93 161 160 226 284
187 144 261 216 vui
276 121 949 216 ocrrvrsruc.1ua1scorsu1.r.'snams
964 161 1099 217 rnaur

94 324 218 406 iubere,
247 327 283 387 ut
310 324 489 409 possessori
517 328 645 388 caveret
672 325 723 388 vel
748 323 935 408 satisdaret,
963 325 993 390 si
1022 324 1101 389 alter

17 457 21 463 -
95 413 228 477 fundum
253 412 413 494 evicisset,
437 434 509 476 eum
533 417 705 496 praestare.

438 594 581 650 Communi
598 595 759 650 dividundo.

181 706 211 769 4.
246 703 285 768 D.
306 705 361 791 10,
380 704 413 784 3,
433 705 485 769 26.
539 703 674 768 Alfenus
706 703 813 768 Varus
845 704 931 769 libro
965 707 1105 772 secundo

29 839 33 848 .
95 791 312 877 Digestorum.
373 791 560 856 Communis
598 814 709 857 servus
741 800 812 857 cuin
847 793 933 877 apud
967 795 1106 859 alterum

97 885 191 965 esset,
210 902 282 945 crus
301 881 401 964 fregit
420 882 454 944 in
473 903 578 966 opere.
614 881 835 965 quaerebatur,
855 883 938 947 alter
956 883 1105 948 dominus
1145 947 1148 954 ,

96 970 172 1054 quid
202 992 273 1035 cunr
303 991 354 1047 e0,
381 991 480 1053 penes
508 991 601 1054 quem
624 969 755 1047 fuisset,
783 976 904 1055 ageret.
941 973 1106 1055 respondi,

96 1059 123 1121 si
151 1058 226 1144 quid
256 1058 349 1141 culpa
376 1058 463 1122 illius
492 1059 596 1143 magis
625 1079 721 1142 quarn
750 1080 826 1123 casu
849 1080 901 1124 res
926 1061 1106 1124 communis

96 1147 207 1211 damni
221 1146 366 1230 cepisset,
387 1169 445 1232 per
464 1148 621 1210 arbitrum
641 1147 802 1212 communi
821 1147 998 1213 dividundo
1015 1171 1106 1233 posse

97 1257 277 1318 reclperarl.

447 1339 490 1393 De
508 1339 640 1392 locatione
657 1337 749 1392 ulvae.

185 1445 214 1511 5.
238 1446 276 1510 D.
293 1447 343 1526 19,
358 1447 388 1528 2,
402 1447 454 1511 29.
481 1446 616 1511 Alfenus
631 1446 715 1511 libro
731 1446 868 1529 septimo
884 1446 1105 1533 Digestorum.

95 1533 134 1598 In
167 1535 239 1618 lege
271 1536 440 1599 locationis
469 1536 624 1618 scripturn
652 1541 735 1599 erat:
768 1533 964 1619 ‘redemptor
994 1537 1106 1603 silvam

96 1644 137 1687 ne
166 1623 290 1687 caedito
318 1645 398 1687 neve
422 1625 543 1708 oingito
567 1645 648 1687 neve
671 1623 797 1688 deurito
820 1645 900 1689 neve
923 1647 1021 1709 quem
1044 1628 1106 1692 cin·

97 1733 172 1795 gere
206 1712 336 1777 caedere
365 1733 456 1776 urere
484 1712 604 1776 sinito?
653 1713 880 1796 quaerebatur,
912 1719 1025 1778 utrum
1061 1737 1105 1779 re·

1 1855 2 1858 ,
98 1801 256 1884 demptor,
286 1803 313 1864 si
341 1822 434 1883 quem
464 1802 539 1884 quid
568 1822 678 1865 earum
702 1823 809 1865 rerum
832 1801 939 1866 facere
962 1803 1106 1888 vidisset,

97 1889 269 1972 prohibere
297 1890 427 1953 deberet
454 1911 497 1952 an
525 1891 626 1953 etiam
652 1889 699 1953 ita
723 1889 836 1953 silvam
861 1890 1041 1976 custodire,
1068 1915 1104 1956 ne

99 1978 169 2062 quis
193 1978 224 2040 id
248 1978 353 2042 facere
377 1979 488 2060 possit.
534 1977 685 2061 respondi
703 1978 837 2042 verbum
857 1979 962 2044 sinere
982 1984 1103 2046 utram-

98 2088 168 2149 que⁴
186 2065 304 2130 habere
333 2065 615 2150 significationem,
644 2066 702 2130 sed
729 2067 906 2131 locatorem
934 2070 1046 2151 potius
1074 2069 1105 2134 id

98 2155 199 2219 videri
217 2154 364 2236 voluisse,
386 2160 423 2218 ut
440 2155 626 2237 redemptor
644 2176 717 2219 non.
729 2157 843 2238 solum,
867 2157 894 2219 si
913 2178 1012 2239 quern
1031 2179 1105 2222 casu

98 2243 231 2307 vidisset
256 2244 371 2307 silvam
395 2244 536 2326 caedere,
558 2243 755 2327 prohiberet,
778 2243 833 2308 sed
856 2245 905 2308 uti
929 2250 1058 2311 curaret
1076 2252 1107 2310 at

99 2332 190 2396 daret
213 2354 359 2415 operam,
382 2353 422 2395 ue
447 2331 518 2416 quis
542 2331 697 2396 caederet.

411 2514 454 2570 Dc
472 2516 572 2569 damno
589 2515 698 2569 inimic
715 2515 788 2569 dato.

186 2608 218 2686 6.Ι
244 2623 282 2686 Ι).
301 2625 331 2706 9,
349 2625 379 2704 2,
394 2623 446 2707 52,
462 2623 490 2687 l.
524 2622 659 2687 Alfenus
684 2622 767 2687 libro
792 2623 930 2689 seeundo
954 2624 1105 2711 Digesto-

98 2733 177 2775 rum.
231 2711 447 2776 Tabernarius
479 2712 513 2776 in
548 2712 665 2776 semita
695 2716 793 2775 noctu
831 2735 929 2796 supra
966 2716 1104 2800 lapidem

98 2800 261 2864 lucernam
281 2805 440 2882 posuerat.
477 2800 605 2885 quidam
620 2800 815 2883 praeteriens
830 2823 902 2865 eam
918 2806 1104 2870 sustulerat.

98 2888 300 2952 tabernarius
334 2910 405 2952 curn
440 2893 627 2953 consecutus
659 2889 823 2953 lucernam
852 2894 1106 2974 reposcebatet

97 2977 275 3079 fugientem
299 2981 348 3041 ret
334 2976 467 3041 tinebat.
504 2978 559 3041 ille
567 2976 715 3069 flagello,
735 2977 847 3062 quod
839 3000 870 3041 m
891 3001 990 3045 manu
1009 2982 1104 3046 habe-

97 3067 200 3148 bat,
191 3088 224 3130 1n
248 3087 311 3150 quo
335 3066 459 3130 dolor'
451 3069 569 3148 merat,
541 3064 803 3130 ttverberare
789 3066 1013 3133 tabernarium
1036 3092 1105 3135 coe·

97 3159 199 3256 perat,
222 3158 258 3218 ut
282 3176 316 3218 se
339 3155 384 3218 mi
385 3158 491 3218 t.teret
529 3177 566 3218 ex
591 3176 628 3218 eo
652 3155 773 3218 maiore
798 3155 867 3218 rixa
890 3155 978 3221 facta
1001 3159 1105 3224 taber-

71 3317 74 3322 ,
98 3245 207 3307 narius
237 3244 279 3325 ei,
308 3243 361 3326 qui
385 3244 546 3307 lucernam
570 3243 758 3324 sustulerat,
790 3242 920 3308 oculum
944 3246 1106 3311 effoderat.

98 3333 296 3414 consulebat,
320 3354 396 3395 num
421 3331 603 3395 damnum
594 3331 712 3394 iniuria
735 3292 801 3394 rion
824 3332 914 3397 videt
899 3336 953 3399 tur
972 3335 1104 3413 dedisse,

99 3422 249 3504 quoniam
273 3421 362 3503 prior
382 3419 513 3504 flagello
533 3441 702 3502 percussus
722 3423 816 3484 esset.
858 3424 1020 3506 respondi,
1043 3425 1105 3487 nisi

98 3508 172 3571 data
197 3530 295 3592 opera
319 3508 481 3573 effodisset
505 3509 647 3591 oculum,
673 3529 736 3571 non
762 3501 862 3573 vide'ri
886 3511 1069 3577 damnum
1059 3535 1106 3577 rn-
