2422 3840
97 165 139 229 74
175 167 221 220 IV.
243 165 388 222 SEPTlMI
402 165 499 220 SAEC.
514 163 612 221 rums
632 164 806 222 CONSULT.
822 165 946 222 SERIES
960 165 1106 222 ALTERA

461 371 516 443 [De
530 388 606 441 penu
625 371 734 442 lepolal.

184 481 231 545 5³.
268 479 348 544 Gell.
376 482 411 562 4,
441 482 473 561 1,
502 482 552 545 17.
607 479 642 556 Q.
676 478 864 543 Scaevolam
896 478 937 543 ad
974 480 1107 546 demon-

25 591 27 596 *
95 570 258 633 strandum
283 591 400 653 penum
426 569 476 632 his
500 569 608 632 verbis
632 591 723 631 usum
749 568 858 632 audio:

184 657 289 722 Penus
307 663 362 737 esi,
385 659 503 739 inquit,
526 659 606 739 qaod
623 657 806 722 esculentum
824 661 881 722 out
892 656 1106 738 panniculum

53 816 56 822 ,
95 751 151 830 est,
178 748 259 828 quod
285 748 384 828 ipsius
407 748 510 828 putris
534 747 677 826 familias
704 745 782 828 <aut
807 749 918 810 matris
938 745 1108 831 familias).

94 840 151 900 ant
180 835 308 899 literana
337 837 440 916 pratris
471 835 612 913 familias
644 833 723 917 <aut
745 834 908 918 familiae>
935 836 1000 900 circs
1027 856 1106 917 quaa

95 925 209 989 circum
231 945 280 989 cos
302 930 358 988 eat
381 925 488 988 liberos
512 926 577 988 ciris
600 929 643 988 cst
664 930 692 988 ot
714 943 789 1005 opas
810 943 873 988 non
893 922 986 1007 facit,
1008 945 1105 991 causa

89 1019 240 1096 paratum
262 1019 312 1078 cst.

184 1099 232 1166 5¹³.
263 1102 300 1165 D.
324 1102 376 1186 33,
394 1101 425 1186 9,
439 1101 517 1184 3pr.
536 1105 569 1164 et
587 1100 617 1164 6.
658 1099 818 1182 Ulpianus
841 1100 924 1165 libro
948 1101 1102 1168 vicesimo

95 1191 232 1255 secundo
266 1191 305 1253 ad
338 1190 492 1254 Sabinum
527 1189 575 1274 (P.
603 1190 714 1273 2641).
769 1188 830 1265 Qui
862 1211 981 1272 penum
1014 1191 1105 1276 legat

95 1279 170 1363 quid
188 1281 296 1362 legato
312 1281 550 1362 complectatur,
571 1278 744 1342 videamus.
778 1282 811 1342 et
824 1276 962 1353 Quintus
978 1277 1104 1344 Mucius

95 1369 208 1431 scribit
226 1367 309 1431 libro
330 1368 468 1431 secundo
487 1367 566 1430 iuris
586 1367 701 1449 civilis,
720 1388 804 1449 penu
821 1366 931 1451 legata
945 1368 1104 1432 contineri

96 1478 176 1540 quae
200 1455 269 1518 esui
292 1457 446 1539 potuique
471 1462 557 1519 sunt.

184 1542 274 1619 Quod
308 1545 459 1608 diximus:
492 1543 585 1622 ‘usus
614 1543 663 1607 sui
691 1545 798 1626 gratia
825 1542 993 1628 paratum'
1023 1547 1104 1610 acci·

94 1632 245 1717 piendum
274 1634 335 1696 erit
363 1638 395 1696 et
424 1634 598 1697 amicornm
629 1635 695 1696 eius
724 1640 757 1696 et
784 1633 948 1696 clientium
978 1644 1011 1696 et
1035 1635 1104 1698 uni·

97 1743 269 1806 versorum,
289 1743 368 1805 quos
388 1723 472 1786 circa
492 1743 525 1785 se
543 1720 651 1800 habet,
670 1743 735 1785 non
754 1724 853 1785 etiam
868 1723 936 1785 eius
951 1722 1106 1804 familiae,

96 1831 192 1893 quarn
215 1832 317 1894 neque
341 1812 424 1875 circa
447 1821 488 1874 sc'
504 1832 608 1894 neque
631 1811 715 1874 circa
738 1832 813 1875 suos
837 1810 949 1889 habet,
972 1816 1053 1894 puta
1077 1810 1105 1875 si

96 1899 150 1982 qni
179 1905 254 1962 sunt
281 1901 313 1963 in
343 1901 428 1963 villis
452 1901 613 1982 deputati,
640 1920 719 1981 quos
744 1899 884 1974 Quintus
907 1899 1033 1964 Mucius
1058 1901 1105 1966 sic

95 1988 275 2068 definiebat,
299 1994 467 2052 uteorum
492 1987 614 2052 cibaria
637 1987 795 2051 contineri
818 1991 919 2072 putet,
941 1989 998 2072 qui
1022 2011 1104 2074 opus

94 2099 158 2140 nun
183 2078 334 2142 lacerent.

184 2179 226 2237 Cf.
242 2181 277 2238 D.
293 2182 343 2248 36,
360 2183 388 2256 2,
405 2183 455 2239 19.
491 2178 575 2236 Idem
594 2168 766 2258 (Julianus)
785 2178 862 2238 libro
881 2181 1105 2256 septuagesimo

93 2266 294 2344 Digestorum.
348 2267 423 2326 Cum
457 2267 519 2324 sine
551 2267 758 2341 praefinitione
791 2268 935 2342 temporis
967 2268 1104 2346 legatum

95 2355 138 2413 ita
161 2357 262 2413 datum
287 2357 390 2414 fuerit:
415 2350 513 2413 ‘uxori
536 2374 619 2413 meae
642 2376 751 2431 penum
776 2361 860 2414 heres
884 2355 967 2433 dat03
994 2358 1105 2418 sinon

96 2444 218 2513 dederit,
243 2448 361 2503 centurn
385 2438 477 2511 dato’‚
500 2463 593 2501 unum
615 2445 749 2521 legatum
771 2445 959 2522 intellegitur
982 2453 1105 2508 contum

96 2536 126 2590 et
159 2533 260 2590 statim
294 2532 356 2608 peti
383 2536 495 2608 potest,
527 2535 645 2606 penoris
674 2537 774 2592 autern
804 2553 894 2592 cause
921 2553 956 2594 eo
983 2538 1106 2596 tanturn

93 2622 240 2696 pertinet,
271 2626 307 2679 ut
339 2625 408 2678 ante
436 2621 520 2680 litem
548 2626 747 2680 contestatam
773 2622 887 2680 tradita
912 2642 990 2698 peno
1018 2625 1106 2685 hores

94 2708 247 2768 liberetur.
279 2710 358 2786 quod
378 2710 404 2768 si
421 2711 464 2768 ila
483 2709 626 2784 scriptum
641 2711 681 2769 sit
695 2703 732 2768 ‘si
746 2729 857 2784 penum
871 2713 950 2770 intra
964 2712 1105 2774 calendas

94 2816 153 2856 non
182 2798 308 2873 dederit,
336 2803 455 2857 centurn
484 2791 573 2873 dato',
601 2817 661 2858 non
689 2799 830 2870 efficitur,
858 2808 893 2858 ut
919 2801 978 2859 duo
1003 2803 1106 2882 legata

95 2886 168 2962 sint,
197 2887 248 2945 sed
272 2891 308 2945 ut
330 2891 449 2946 centurn
471 2888 572 2961 legata
596 2888 650 2947 sub
675 2888 846 2946 condicione
868 2888 1029 2949 rideantur

183 2989 212 3053 6.
242 2988 279 3053 D.
302 2988 358 3070 45,
384 2994 415 3070 1,
441 2989 518 3069 115,
542 2990 570 3053 2.
621 2987 817 3072 Papinianus
850 2990 933 3055 libro
961 2992 1103 3058 secundo

95 3075 326 3153 Quaestionum
364 3074 412 3164 (Ρ.
442 3075 507 3163 Ί9).
572 3076 599 3140 si
636 3079 707 3160 quis
744 3078 791 3141 ita
829 3079 1017 3161 stipuletur:
1059 3079 1102 3145 ‘si

95 3165 301 3248 Pamphilum
337 3188 401 3231 uon
440 3166 577 3247 dederis,
614 3177 743 3230 centum
777 3167 845 3231 dari
879 3168 1104 3250 spondes'...

96 3251 232 3319 Sabinus
256 3303 288 3320 ..
312 3255 520 3318 existimabat
618 3255 713 3338 idque
738 3255 930 3321 defendebat
953 3259 1102 3342 exemplo

94 3365 195 3427 penus
219 3347 355 3429 legatae.
397 3341 521 3407 Mucius
545 3344 664 3407 etenim
683 3345 842 3426 heredem,
866 3347 894 3408 si
913 3346 990 3410 dare
1008 3353 1102 3430 potu·

94 3433 172 3496 isset
194 3455 313 3517 penum
332 3454 390 3496 nec
410 3432 559 3516 dedisset,
582 3433 752 3496 confestim
772 3433 804 3497 in
825 3433 996 3517 pecuniam
1015 3435 1102 3521 lega-

93 3523 160 3584 tum
186 3521 288 3585 teneri
312 3522 450 3606 scripsit.
