2422 3840
290 186 316 238 8.
341 182 495 238 SERVIUS
514 182 697 238 SULPICIUS
715 183 833 238 RUFUS
1003 184 1066 248 165

59 350 210 425 buuntur,
235 369 271 409 11
292 370 411 428 quoque
433 351 530 410 eidem
552 350 634 428 dedi,
658 370 734 428 quae
757 352 789 409 in
811 352 912 410 Alfeni
934 352 1067 429 Digestis

58 438 234 515 epitomatis
260 440 348 499 verbo
371 433 549 516 ‘respondit'
572 439 764 498 inducuntur.

149 527 338 604 Quamquam
366 547 578 605 responsorum
607 532 725 605 partem
753 528 890 588 Servium
916 529 948 587 in
975 529 1068 588 libros

58 634 129 676 suos
153 616 302 692 recepisse
324 616 487 677 verisimile
510 620 564 694 est,
587 620 689 676 tamen
712 617 812 676 omnia
834 618 890 677 hoe
912 618 976 677 loeo
1000 637 1068 678 eon·

58 723 165 783 gerere
197 705 295 782 volui,
326 705 371 764 ita
396 709 433 765 ut
459 706 492 764 in
518 705 665 764 librorum
692 706 870 782 fragmentis
899 706 1068 783 digerendis

58 794 206 853 nonnulla
228 793 325 854 denuo
349 794 534 853 considerare
558 797 703 869 oporteat.

149 882 229 941 Iuris
251 884 455 943 consultorum
477 882 527 943 vel
545 882 675 942 aliorum
694 886 851 942 auctorum
868 884 969 962 verba,
993 904 1069 961 quae

57 975 114 1031 aut
136 971 177 1030 ad
201 971 297 1030 Servii
319 989 462 1047 responsa
484 973 538 1030 aut
561 971 600 1030 ad
621 971 718 1030 Servii
740 972 834 1031 libros
857 972 994 1050 relegant
1016 976 1070 1032 aut

57 1059 188 1136 denique
202 1059 234 1119 in
248 1060 338 1119 dubio
352 1060 536 1137 relinquunt,
549 1063 654 1118 utrum
665 1079 808 1135 responsa
817 1079 856 1119 an
869 1061 961 1120 libros
971 1061 1069 1122 Servii

58 1147 230 1224 significare
252 1149 355 1224 velint,
379 1151 435 1208 hoo
457 1149 522 1207 loeo
545 1168 710 1225 proponere
733 1149 873 1207 idoneum
895 1149 1024 1211 videtur.

149 1235 289 1296 Servium
307 1237 421 1314 aliquid
441 1231 592 1296 ‘seribere'
611 1238 725 1314 legitur
742 1239 824 1313 apud
841 1238 1067 1314 Tryphoninum

57 1322 109 1402 (D.
130 1319 385 1408 49,15,12pr.),
407 1325 537 1384 Paulum
560 1325 610 1403 (D.
630 1327 660 1402 8,
676 1328 703 1403 6,
720 1320 762 1405 7),
786 1327 949 1401 Ulpianum
974 1320 1024 1407 (D.
1039 1330 1067 1405 9,

59 1416 194 1489 1,1,4;
219 1416 602 1492 1111411111.
627 1446 667 1455 -
693 1417 744 1486 4ο,
760 1417 788 1491 1,
804 1418 833 1492 1,
848 1407 896 1496 1),
929 1415 1067 1476 servium

58 1496 154 1579 ‘apud
171 1498 294 1562 Melam'
315 1504 453 1575 seribere,
476 1503 605 1578 legimus
624 1505 704 1578 apud
722 1502 886 1580 Ulpianum
905 1498 954 1584 (D.
970 1507 1021 1577 33,
1037 1507 1066 1582 9,

58 1582 168 1672 3,10),
183 1591 319 1650 Servium
334 1586 377 1650 ‘in
390 1592 467 1652 libro
480 1592 516 1650 de
526 1586 659 1650 dotibus'
669 1593 806 1670 seribere,
821 1593 902 1668 apud
910 1593 1068 1652 Neratium

58 1673 110 1756 (D.
127 1681 178 1757 12,
190 1680 218 1754 4,
229 1675 262 1755 8)
277 1682 308 1739 11
322 1681 403 1756 apud
417 1679 548 1739 Gellium
560 1672 604 1760 (4.
615 1683 643 1756 3,
654 1683 682 1740 2.
693 1684 723 1756 4,
734 1671 777 1760 2),
793 1681 918 1740 eundem
932 1676 976 1740 ‘in
989 1683 1066 1742 libro

20 1774 21 1777 ’
57 1767 95 1826 de
109 1769 202 1828 saeris
216 1763 412 1828 detestandis'
427 1772 457 1826 11
472 1763 515 1827 ‘in
527 1769 715 1844 reprehensis
730 1769 891 1830 Scaevolae
906 1765 1067 1846 capitibus’

56 1856 223 1934 scripsisse,
243 1858 323 1933 apud
337 1857 468 1916 Gellium
483 1853 527 1936 (7,
540 1859 590 1933 12,
603 1860 635 1932 1,
654 1858 684 1934 4,
696 1861 723 1930 1,
735 1852 804 1934 20),
824 1853 915 1933 ‘apud
930 1859 1069 1920 Servium

57 1940 201 2004 relatum'
225 1965 302 2023 esse,
330 1947 444 2024 legiiur
468 1946 548 2022 apud
570 1945 734 2020 Ulpianum
757 1937 807 2026 (D.
822 1948 875 2019 43,
890 1949 941 2020 24,
958 1950 1007 2022 13,
1022 1941 1068 2026 4).

150 2034 285 2094 Servium
306 2034 421 2110 aliquid
439 2028 641 2111 ‘respondere'
660 2035 708 2093 vel
726 2028 936 2108 ‘respondisse'
955 2035 1069 2109 legitur

57 2122 141 2198 apud
163 2121 306 2183 Alfenum
330 2116 381 2200 (D.
402 2125 452 2194 28,
468 2123 497 2198 5,
511 2124 569 2198 46,
598 2115 885 2201 33,7,16,1.2),
917 2122 1069 2180 Iulianum

56 2204 108 2286 (D.
125 2214 176 2282 32,
194 2206 259 2290 62),
279 2212 476 2287 Pomponium
494 2203 544 2292 (D.
561 2213 588 2288 5,
606 2214 632 2283 1,
649 2212 704 2287 80,
726 2213 777 2288 33,
794 2211 821 2286 7,
839 2214 946 2288 1511,
971 2213 1021 2286 35,
1038 2213 1066 2286 1,

59 2301 134 2376 6,1,
155 2301 205 2373 32,
218 2292 284 2379 57),
304 2299 434 2359 Gellium
449 2295 492 2378 (4,
506 2292 611 2380 2,12),
626 2299 823 2376 Papinianum
839 2296 887 2379 (D.
898 2301 950 2377 40,
961 2303 989 2375 4,
1000 2292 1068 2380 48),

56 2388 187 2447 Paulum
206 2381 256 2470 (D.
273 2391 324 2467 34,
340 2391 368 2466 2,
382 2380 427 2469 4),
453 2388 614 2464 Ulpianum
634 2380 686 2469 (D.
703 2391 731 2464 9,
743 2391 771 2464 3,
783 2391 811 2466 5,
824 2391 878 2466 12,
900 2381 1068 2469 15,1,17).

148 2477 284 2538 Servium
312 2478 500 2553 respondisse
530 2478 577 2537 vel
601 2477 724 2536 Ateium
751 2478 800 2538 vel
827 2477 992 2537 Namusam
1019 2477 1069 2537 vel

57 2564 173 2624 Varum
202 2566 343 2639 seribere,
374 2565 487 2644 legitur
514 2566 595 2640 apud
622 2565 791 2625 Labeonem
818 2556 868 2646 (D.
893 2569 943 2644 23,
963 2569 992 2641 3,
1013 2570 1068 2642 79,

58 2655 152 2731 28,1,
168 2656 223 2730 25,
244 2656 293 2730 33,
304 2656 333 2728 4,
345 2658 426 2731 611,
446 2655 497 2732 34,
509 2656 538 2732 2,
553 2657 603 2732 39,
620 2657 652 2732 2,
672 2647 884 2734 311413),
903 2656 982 2731 apud
997 2675 1068 2714 eun·

56 2742 126 2801 dem
144 2743 257 2820 legitur
276 2742 413 2804 Servium
432 2743 619 2818 respondisse
639 2762 670 2802 se
690 2743 764 2802 seire
783 2737 833 2823 (D.
853 2745 942 2821 18,1,
962 2747 1013 2819 80,
1025 2736 1068 2823 2),

56 2850 127 2899 eum
154 2832 354 2908 respondisse,
383 2826 434 2890 ‘ut
461 2835 507 2890 est
534 2833 661 2891 relatum
689 2832 770 2908 apud
792 2825 958 2904 Alfenum',
988 2832 1067 2908 apud

56 2919 188 2979 Paulum
217 2916 266 2998 (D.
291 2923 323 2999 3,
343 2922 376 2999 5,
396 2913 521 2999 2011),
550 2921 599 2980 111
627 2914 720 2995 ‘apud
747 2914 901 2979 Alfenum’
930 2920 1068 2980 Servium

15 3056 26 3081 ,
55 3008 247 3085 respondere,
271 3010 350 3086 apud
373 3010 548 3068 Marcellum
571 3000 621 3089 (D.
641 3010 693 3086 46,
714 3009 742 3084 3,
762 3000 833 3088 67),
858 3008 908 3068 111
931 3009 1069 3068 Servium

56 3097 248 3174 respondisse
272 3097 425 3156 Aufidium
452 3102 506 3156 aut
532 3097 684 3156 auditores
710 3095 807 3156 Servii
832 3097 958 3176 referre,
985 3097 1068 3172 apud

57 3184 223 3261 Ulpianum
247 3180 298 3265 (n.
318 3189 368 3263 11,
388 3188 417 3257 1,
438 3188 488 3258 11,
509 3189 563 3262 re,
589 3189 639 3262 33,
660 3188 687 3259 1,
709 3186 760 3261 11,
780 3174 824 3265 1).

147 3275 287 3335 Servium
306 3275 421 3351 aliquid
440 3269 542 3333 ‘aiere'
562 3275 697 3334 scribunt
715 3271 817 3332 Cicero
833 3272 871 3331 ad
886 3273 954 3331 fam.
972 3276 998 3345 7,
1011 3275 1066 3348 21,

56 3364 168 3424 Festus
191 3384 219 3423 v.
242 3364 477 3440 mancipatione,
499 3364 667 3441 municeps,
690 3361 791 3438 noxia,
815 3361 938 3439 sarcito,
961 3362 1067 3437 pedem

56 3453 162 3526 struit,
186 3452 347 3530 vindiciae,
375 3452 474 3510 Labeo
499 3452 561 3510 sive
584 3452 742 3512 Iavolenus
766 3443 817 3530 (D.
837 3451 888 3527 24,
909 3453 938 3527 3,
958 3452 1072 3525 6611,

56 3544 110 3620 40,
122 3543 151 3618 7,
162 3544 214 3617 39,
225 3532 267 3620 3),
290 3540 471 3616 Pomponius
490 3531 539 3624 (D.
551 3543 582 3623 4,
598 3543 627 3622 8,
638 3543 697 3624 40,
717 3531 1094 3623 50,16,122),ἳ11111

1177 3658 1191 3745 r
