2422 3840
237 165 261 213 2.
281 159 336 213 CN.
353 158 508 214 FLAVIUS
528 189 561 199 -
581 165 605 214 ὅ.
626 159 669 214 ΤΙ.
685 157 940 214 CORUNOANIUS
1071 158 1089 220 7

340 373 379 455 3.
417 377 454 450 0.
483 377 631 457 SCIPIO
660 375 836 450 NASIOA

170 523 352 598 Pomponius
377 520 396 598 ξ
417 524 456 582 37
482 517 592 581 ‘Gaius
616 521 715 597 Scipio
738 521 861 597 Nasica,
885 522 935 596 qui
959 521 1090 597 optimus

81 632 99 672 a
132 614 240 671 senatu
271 612 440 687 appellatus
473 614 531 684 esi,
569 610 617 669 cui
649 610 740 669 eiiam
771 610 890 685 publice
923 611 1028 670 domus
1059 610 1090 668 in

81 720 168 760 saora
189 701 239 761 via
262 701 334 759 data
356 703 412 773 esi,
434 719 493 777 quo
517 698 635 758 facilius
658 699 773 758 consuli
796 693 917 775 possei'.
964 700 1090 758 fortasse

81 789 264 865 Pomponius
293 789 367 848 duos
395 788 547 863 Scipiones
576 787 739 847 confundit.
787 787 877 847 Sanio
905 786 1092 846 Varroniano

489 966 681 1040 Responsa.

170 1054 263 1113 Nulla
286 1058 413 1114 exstant.

260 1277 300 1359 4.
337 1283 376 1355 Ρ.
407 1280 707 1355 SEMPRONIUS
737 1280 916 1355 SOPHUS

469 1444 527 1485 cos.
551 1420 701 1504 450s304.

171 1551 353 1626 Pomponius
377 1547 397 1625 S
418 1553 459 1610 37
488 1543 576 1609 ‘Fuit
674 1549 818 1608 maximae
843 1551 984 1609 amentiae
1009 1549 1091 1609 Sem·

80 1639 218 1717 pronius,
251 1658 339 1714 quem
367 1639 495 1714 popqus
523 1640 676 1699 Romanus
704 1635 800 1714 σοφὸν
828 1639 1006 1715 appellavit,
1038 1657 1092 1698 nec

81 1728 241 1806 quisquam
257 1730 325 1786 anie
340 1729 487 1786 huucaui
500 1731 569 1802 post
582 1729 661 1786 huno
670 1727 727 1786 hoc
737 1727 855 1786 nomine
866 1728 1091 1806 cognominatus
1168 1763 1169 1767 =

81 1811 149 1877 esi'.
192 1815 236 1876 Of.
260 1816 349 1875 Sanio
370 1816 557 1875 Varroniano
580 1836 607 1890 p.
629 1817 691 1874 148
701 1815 721 1873 f.
762 1816 889 1874 fortasse
912 1836 972 1875 non
996 1817 1092 1875 solum

81 1924 227 1982 responsa
259 1905 341 1964 dedit
373 1905 425 1964 sed
458 1905 548 1963 etiam
580 1921 672 1962 novas
705 1903 836 1962 actiones
868 1905 916 1963 vel
949 1906 1093 1964 formulas

81 1993 263 2070 composuit3
289 1995 341 2053 sed
364 1993 439 2052 nihil
463 1995 568 2052 exstat.

337 2285 376 2369 5.
415 2291 472 2364 ΤΙ.
502 2289 835 2364 CORUNOANIUS

212 2454 269 2496 cos.
294 2429 449 2516 474I280,
472 2439 576 2513 postea
598 2435 732 2511 pontifex
747 2422 914 2512 'maximus⁷
938 2438 969 2494 oi

372 2525 492 2602 quidem
514 2525 628 2600 primus
652 2543 688 2583 ex
710 2523 804 2599 plebe.

171 2648 352 2724 Pomponius
381 2648 400 2721 ξ
425 2651 466 2709 35
501 2643 553 2707 ‘ex
576 2647 714 2707 omnibus
737 2647 789 2723 qui
812 2647 965 2706 scientiam
988 2647 1090 2709 nancti

82 2739 166 2810 sunt,
208 2739 278 2796 ante
315 2737 468 2795 Tiberium
505 2736 722 2796 Coruncanium
762 2736 881 2812 publice
922 2738 1090 2813 professum

81 2826 233 2885 neminem
260 2821 412 2884 traditur?
456 2826 539 2884 Idem
566 2827 646 2900 §38
677 2818 758 2899 ‘post
784 2825 839 2884 hos
866 2824 925 2884 fuit
953 2825 1091 2885 TiberIus

82 2913 299 2982 Commoanius,
323 2956 375 2973 ...
395 2914 446 2989 qui
468 2914 581 2990 primus
603 2913 738 2991 profiteri
757 2913 863 2989 coepit,
888 2913 972 2972 oqus
990 2916 1092 2973 tamen

81 3003 229 3079 scriptum
252 3003 369 3062 nullum
388 2996 506 3062 exstat?

491 3161 684 3237 Responsa.

173 3277 353 3353 Pomponius
376 3274 396 3352 S
417 3279 457 3337 38
482 3270 636 3352 ‘responsa
659 3277 814 3352 complura
837 3278 868 3335 ei
888 3276 1093 3336 memorabilia

82 3366 147 3425 eius
171 3358 348 3425 feruntur'.1
394 3366 452 3424 duo
476 3368 602 3425 exstant.

151 3531 166 3576 1
184 3526 335 3582 emendasti
350 3527 497 3603 Muretus,
515 3529 639 3590 fuerunt
660 3533 699 3591 F.
