2422 3840
370 155 395 204 1.
419 150 448 204 c.
464 147 670 204 1111111118
690 147 808 203 rasni
1027 146 1092 210 411
1170 107 1171 110 ¹

167 315 220 379 40.
251 312 492 396 1).18,1,19.
534 311 704 376 Iavolenus
728 310 812 376 libro
837 311 949 394 quinto
973 333 1011 374 ex
1034 332 1092 394 po-

80 403 271 468 sterioribus
289 402 452 467 Labeonis
471 399 522 487 (P.
539 398 629 486 207).
661 399 765 464 Fundi
783 403 908 482 partem
926 398 1092 464 dimidiam

80 514 119 555 ea
142 494 213 576 lege
236 490 425 575 vendidisti,
451 501 489 554 ut
516 495 642 573 emptor
670 490 805 553 alteram
827 493 967 571 partem,
994 510 1092 572 quam

80 581 252 662 retinebas,
277 580 498 644 annis-desem
518 585 606 643 serta
623 577 761 661 pecunia
779 578 813 640 in
828 598 929 641 annos
945 577 1091 659 singulos

78 669 273 734 conductam
295 668 423 733 habeat.
468 666 584 737 Labeo,
601 674 635 731 et
656 665 828 731 Trebatius
852 669 973 750 negant
996 687 1092 748 posse

79 779 119 821 ex
143 758 272 822 vendito
297 757 364 841 agi,
387 760 425 821 ut
446 756 479 820 id
504 756 589 839 quod
612 755 798 820 convenerit
819 753 885 818 fiat.

447 904 491 958 De
509 905 587 958 domo
604 903 723 957 1181111111.

169 1005 221 1069 41.
244 1005 285 1069 D.
302 1004 508 1090 19‚1,21,6.
540 1003 660 1068 Paulus
679 1004 763 1068 libro
782 1003 973 1088 trigonsimo
992 1003 1090 1067 tertio

80 1095 121 1158 ad
150 1094 289 1158 edietum
319 1092 366 1179 (P.
385 1091 475 1176 514).
521 1091 585 1168 Qui
613 1091 743 1157 domum
771 1092 943 1174 vendebat,
967 1092 1092 1174 excepit

79 1183 142 1246 sibi
160 1182 408 1265 habitationem,
428 1182 529 1246 donec
547 1182 679 1263 viveret,
696 1185 753 1245 aut
770 1181 805 1244 in
824 1180 968 1263 singulos
989 1202 1092 1245 annos

78 1273 202 1335 decem:
236 1275 363 1354 emptor
391 1272 496 1354 primo
526 1292 611 1334 anno
638 1270 753 1334 maluit
780 1268 888 1334 decem
916 1273 1091 1352 praestare,

80 1360 219 1424 seeundo
248 1381 333 1424 anno
361 1360 597 1424 habitationem
624 1362 798 1443 praestare.
843 1356 1015 1422 Trebatius
1045 1357 1091 1421 ait

79 1448 254 1513 mutandae
278 1448 455 1513 voluntatis
478 1450 674 1531 potestatem
697 1469 769 1511 eum
793 1445 914 1510 habere
938 1446 1091 1530 singulis-

79 1561 140 1622 que
160 1538 252 1601 annis
272 1537 464 1602 alterutrum
482 1541 649 1619 praestare
667 1558 762 1619 posse
782 1540 815 1598 et
832 1535 983 1619 quamdiu
997 1557 1090 1619 para·

77 1633 130 1690 tus
154 1627 197 1690 sit
220 1626 411 1691 alterutrum
433 1628 612 1709 praestare,
635 1624 826 1707 petitionem
850 1646 916 1688 non
940 1646 1018 1689 esse.

166 1716 219 1779 42.
248 1714 547 1796 D.19,1‚13,22.
593 1712 752 1797 Ulpianus
784 1712 869 1776 libro
897 1713 1090 1798 trigensimo

77 1805 215 1868 seeundo
240 1803 280 1867 ad
304 1803 443 1867 edictum
466 1799 516 1888 (P.
533 1798 624 1887 935).
746 1823 786 1866 ex
809 1800 939 1866 vendito
964 1801 1088 1886 agendo

76 1897 290 1976 consequetur
327 1892 424 1956 etiam
462 1895 624 1974 sumptae,
665 1889 720 1974 qui
756 1889 835 1953 facti
873 1894 949 1954 sunt
984 1890 1017 1954 in
1054 1912 1088 1954 18

77 1982 245 2065 distracta,
272 1987 309 2046 ut
337 1984 417 2065 puta
445 1981 472 2043 81
500 1979 576 2064 quid
603 1981 638 2042 in
665 1978 810 2042 aedificia
837 1978 992 2042 distracta
1018 2001 1088 2043 ero·

78 2074 189 2153 gatum
217 2075 278 2134 est:
307 2069 419 2134 scribit
442 2069 529 2132 enim
553 2118 582 2132 ..
607 2067 777 2132 Trebatius
802 2089 871 2130 esse
896 2089 934 2130 ex
958 2067 1089 2133 vendito

78 2159 140 2221 hoo
162 2160 293 2223 nomine
317 2159 487 2223 astionem.

452 2305 496 2359 Da
513 2305 597 2360 servis
615 2305 717 2374 anptis.

167 2405 218 2468 43.
246 2403 286 2470 D.
303 2404 356 2487 49,
376 2405 427 2489 15,
445 2406 497 2471 27.
528 2403 698 2470 Iavolenus
717 2404 800 2468 libro
819 2425 904 2468 nono
924 2425 962 2468 ex
980 2407 1088 2487 poste·

78 2492 218 2557 rioribus
241 2491 402 2558 Labeonis
420 2491 471 2580 (P.
485 2490 575 2580 231).
611 2492 769 2558 Latrones
792 2493 855 2557 tibi
879 2514 1006 2557 servum
1030 2494 1088 2557 811-

78 2587 230 2664 puerant:
264 2586 378 2664 postea
409 2583 437 2646 is
470 2603 581 2646 servus
610 2583 650 2646 ad
679 2581 856 2646 Germanos
884 2588 1088 2666 pervenerat:

78 2670 152 2734 inde
176 2671 209 2734 in
232 2670 317 2734 bello
341 2671 435 2735 victis
454 2669 623 2735 Germanis
648 2692 758 2735 servus
782 2670 934 2735 venierat.
969 2675 1090 2753 negant

78 2781 174 2843 posse
193 2759 327 2842 usucapi
346 2781 419 2823 eum
438 2760 478 2823 ab
499 2762 642 2843 emptore
656 2757 765 2824 Labeo
780 2758 893 2824 Ofilius
908 2759 1090 2839 Trebatius,

79 2849 156 2932 quia
192 2870 302 2911 verum
339 2852 424 2912 esset
455 2870 528 2912 eum
565 2848 754 2932 subreptum
789 2869 872 2930 esse,
908 2869 967 2912 neo
1004 2847 1089 2931 quod

78 2937 222 3001 hostium
251 2936 365 3000 fuisset
387 2939 444 3000 aut
466 2936 667 3021 postliminio
691 2935 840 3018 redisset,
867 2936 896 2999 81
918 2937 966 2999 181
988 2935 1088 3018 impe·

79 3026 221 3089 dimento
246 3045 324 3088 esse.

167 3117 220 3178 44.
247 3113 285 3178 D.
304 3115 357 3195 41,
378 3113 427 3193 10,
446 3114 528 3195 4pr.
562 3112 651 3176 Idem
675 3108 903 3197 (Pomponius)
926 3111 1009 3177 libro
1032 3113 1089 3177 tri·

81 3204 227 3285 gensimo
257 3202 395 3266 secundo
423 3200 464 3264 ad
487 3198 642 3264 Sabinum
666 3200 716 3287 (P.
735 3199 823 3288 169).
874 3199 910 3265 Si
937 3201 1089 3266 ancillam

79 3293 232 3357 firrtivam
257 3291 364 3355 emisti
385 3290 448 3353 fide
471 3288 558 3354 bona
580 3288 773 3374 (quodque)
797 3312 835 3354 ex
860 3294 1031 3354 sanatum
1056 3294 1090 3354 et

80 3381 166 3463 apud
188 3386 220 3444 te
245 3384 435 3464 conseptum
455 3381 504 3442 est
522 3378 569 3443 ita
588 3379 769 3463 possedisti,
791 3383 829 3442 ut
846 3379 934 3442 intra
951 3377 1091 3444 11111111111

151 3526 163 3570 1
191 3519 239 3574 Fr.
259 3520 442 3575 constitutum
461 3517 627 3588 usucapioni
645 3520 768 3588 tempus.

128 3618 224 3666 Iurlspr.
238 3621 357 3663 antehadr.
373 3622 424 3663 rell.
439 3621 474 3664 ed.
488 3621 598 3663 Bremer.
863 3609 905 3656 ‘m

1166 3652 1184 3745 1
