2422 3840
365 180 390 228 t.
414 173 446 230 0.
460 172 662 228 TREBATIUS
681 173 796 229 TESTA
1022 173 1087 237 423

480 342 526 400 Dc
542 345 687 416 precario.

169 453 219 518 10.
246 450 286 516 D.
305 452 361 538 41,
380 453 410 536 2,
429 451 460 536 3,
479 451 508 516 5.
544 450 666 516 Paulus
689 451 774 516 libro
798 451 1087 536 quinquagensimo

79 545 194 626 quarto
223 541 263 605 ad
292 541 430 605 edictum
454 539 503 626 (P.
522 538 610 627 658).
657 539 798 605 Sabinus
822 589 852 605 ..
876 541 988 604 scribit
1015 561 1087 604 eum

78 631 133 715 qui
159 629 306 715 precario
334 629 458 694 dederit
486 633 519 694 et
545 631 652 713 ipsum
679 629 843 713 possidere
871 632 904 693 et
932 650 1004 692 eum
1033 629 1088 712 qui

76 719 223 804 precario
257 719 424 802 acceperit.
474 717 561 782 idem
589 717 758 783 Trebatius
791 717 950 801 probabat
979 717 1087 781 existi-

78 829 170 872 mans
193 829 291 891 posse
315 807 415 871 alium
433 807 527 885 iuste,
551 807 649 871 alium
668 807 787 871 iniuste
806 807 984 892 possidere3
1008 807 1088 870 duos

77 897 196 961 iniuste
219 897 272 961 vel
296 895 374 960 duos
399 896 483 960 iuste
507 917 573 960 non
595 917 699 980 posse.

227 1106 264 1165 V.
295 1105 349 1164 Ad
372 1105 529 1164 edictum
552 1105 726 1165 aedilium
749 1106 937 1165 curulium.

167 1229 342 1289 Trebatium
383 1230 475 1288 etiam
516 1229 555 1288 ad
591 1230 733 1288 aedilium
770 1231 920 1289 amulium
957 1231 1088 1289 edictum

79 1319 241 1396 scripsisse,
262 1318 393 1377 indicare
411 1318 551 1378 videntur
570 1319 739 1396 fragmenta
758 1337 776 1377 a
793 1320 888 1379 Paulo
908 1323 938 1379 et
956 1320 1087 1395 Ulpiano

78 1409 180 1468 allata.
230 1408 332 1484 itaque
365 1407 470 1467 eadem
501 1407 602 1467 studia
634 1413 756 1467 secutus
788 1411 834 1468 est
866 1412 957 1485 atque
988 1409 1088 1468 Aulus

77 1495 197 1572 Ofilius,
221 1496 256 1554 de
281 1516 339 1572 qno
363 1514 455 1571 supra
477 1516 505 1571 p.
521 1498 638 1573 344sq.

387 1648 430 1702 De
447 1648 594 1716 mancipiis
611 1648 772 1702 vendundis.

168 1753 242 1814 Geli
262 1755 292 1830 4,
307 1756 336 1832 2,
353 1756 380 1811 1.
416 1752 453 1810 In
471 1752 567 1812 edicto
586 1752 727 1812 aedilium
746 1754 905 1833 curulium,
924 1775 984 1832 qua
1002 1757 1087 1831 parte

79 1843 115 1901 de
143 1842 299 1918 mancipiis
330 1841 497 1902 vendundis
529 1846 651 1901 cautum
681 1844 740 1918 est,
773 1843 918 1919 scriptum
946 1844 988 1903 sio
1016 1844 1087 1903 fuit:

79 1925 200 1991 ‘titulus
223 1932 404 2008 scriptorum
426 1930 616 2008 singulorum
638 1931 768 2007 scriptus
792 1931 833 1990 sit
855 1935 959 1992 curato
977 1933 1029 2005 ita,
1053 1936 1088 1991 ut

77 2021 208 2098 intelligi
230 2024 310 2081 recte
333 2020 443 2095 possit,
467 2019 538 2095 quid
560 2019 658 2078 morbi
679 2020 804 2096 vitiique
823 2021 928 2096 cuique
952 2021 1000 2096 sit,
1020 2022 1087 2098 quis

77 2109 226 2185 fugitivus
249 2128 352 2169 errove
377 2109 418 2168 sit
439 2127 554 2168 noxave
577 2109 694 2168 solutus
717 2128 778 2168 non
800 2102 861 2169 sit'.

171 2211 197 2272 1.
220 2208 457 2293 Ι).21,1,6,1.
480 2208 642 2294 Ulpianus
661 2209 745 2274 libro
764 2211 869 2295 primo
889 2211 928 2274 ad
949 2211 1087 2276 edictum

79 2297 237 2360 curulium
251 2293 300 2382 (P.
311 2297 434 2385 17600).
467 2297 639 2363 Trebatius
659 2299 706 2363 ait
723 2299 987 2385 impetiginosum
1005 2321 1089 2364 mor-

78 2384 194 2448 bosum
221 2406 288 2449 non
315 2407 398 2470 esse,
426 2387 454 2451 si
481 2391 519 2451 eo
547 2389 705 2470 membro,
733 2389 789 2452 ubi
812 2388 970 2476 impetigo
993 2399 1088 2471 essct,

79 2494 179 2556 aeque
202 2477 287 2537 recte
310 2479 432 2541 utatur.

167 2561 196 2625 2.
220 2561 258 2626 D.
272 2563 366 2648 21,1,
382 2565 432 2647 12,
441 2565 471 2629 4.
497 2563 657 2649 Ulpianus
675 2565 759 2630 libro
772 2567 876 2647 primo
891 2567 932 2630 ad
947 2566 1088 2632 edictum

79 2650 228 2715 aedilium
249 2651 405 2715 curulium
423 2649 472 2740 (P.
490 2651 613 2740 17501).
648 2653 682 2719 Is
701 2655 752 2719 cui
772 2676 808 2719 os
828 2655 915 2720 oleat
933 2677 1087 2720 ansanus

79 2740 123 2804 sit
146 2739 326 2823 quaesitum
350 2744 414 2805 est:
444 2741 614 2806 Trebatius
643 2744 690 2806 ait
716 2764 782 2807 non
806 2765 875 2807 esse
903 2744 1088 2808 morbosum

79 2830 130 2909 [os
163 2828 259 2893 alicui
292 2827 390 2908 olere]
423 2831 525 2894 veluti
556 2831 720 2897 hircosum
756 2832 993 2912 [,strabonem]:
1026 2833 1087 2897 hoc

79 2917 165 2981 enim
189 2939 227 2980 ex
249 2915 359 2980 illuvie
383 2918 448 2981 oris
472 2919 614 2983 accidere
638 2920 750 2984 solere.

400 3073 443 3126 De
461 3075 561 3143 duplae
577 3076 762 3144 stipulatione.

167 3175 196 3239 3.
219 3173 258 3239 D.
274 3175 326 3257 21,
340 3175 369 3256 2,
384 3173 436 3258 56,
452 3174 479 3238 7.
507 3172 627 3239 Paulus
642 3175 725 3238 libro
741 3175 878 3240 secundo
893 3176 933 3240 ad
948 3176 1087 3241 edictum

80 3262 232 3327 aedilium
252 3263 408 3327 curulium
429 3260 477 3349 (P.
493 3259 581 3349 849).
618 3263 745 3348 Pupillo
765 3265 862 3329 etiam
882 3265 950 3328 sine
968 3268 1086 3329 tutoris

80 3351 274 3416 auctoritate
297 3373 393 3435 posse
417 3351 609 3437 denuntiari,
632 3352 660 3417 si
682 3356 772 3418 tutor
794 3376 860 3419 non
884 3357 1026 3439 apparet,
1049 3374 1087 3417 ex

77 3437 214 3592 pluplaet
230 3442 439 3524 stipulatione
471 3441 640 3526 benignius
672 3445 834 3526 receptum
867 3465 936 3542 esse
969 3439 1088 3508 Treba·

93 3549 143 3591 rus
168 3550 222 3593 ar.
