2422 3840
99 151 162 214 178
201 150 246 207 VI.
271 150 404 206 OCTAVI
424 150 524 206 SAEC.
542 149 638 206 Iulus
658 150 832 207 consulu.
847 151 973 210 SERIES
991 155 1108 211 PRIMA

98 315 359 380 accommodatae
383 317 499 398 essent,
523 313 731 396 supellectilis
754 336 820 380 non
839 335 919 381 esse.
962 318 1032 398 [sed
1049 340 1108 384 nec

97 403 274 489 pugillares
298 408 331 467 et
353 403 479 467 codices
502 403 536 465 in
560 402 753 486 supellectili
776 407 873 484 sunt].

184 523 305 582 Inclusa
331 524 424 583 rerba
445 524 556 600 partim
580 523 765 599 Triboniani,
794 525 904 599 partim
928 525 1020 585 Pauli
1044 545 1106 587 esse

96 613 242 673 existimo.
283 613 334 671 sed
354 611 490 673 Servium
514 631 632 689 quoque
656 611 691 670 de
716 613 897 689 supellectili
917 616 1106 690 respondisse

95 704 158 763 veri
181 721 241 760 non
263 700 406 760 dissimile
430 704 484 760 est.

184 811 235 876 35.
272 809 312 875 D.
331 810 387 892 33,
407 810 463 896 10,
487 811 515 889 l,
535 811 564 874 2.
613 808 726 876 Celsus
754 812 837 876 libro
864 834 952 878 nono
981 813 1104 880 decimo

96 901 306 986 Digestorum
316 898 365 983 (P.
375 896 462 984 168).
486 897 616 964 Servius
631 898 752 964 latetur
766 901 961 966 sententiam
970 903 1042 968 eius
1053 904 1105 989 qui

95 989 253 1076 legaverit
276 988 377 1072 aspici
401 991 558 1072 oportere,
581 988 616 1051 in
638 1009 735 1071 quam
753 989 912 1054 rationem
932 1013 970 1055 ea
991 992 1103 1057 solitus

95 1080 138 1142 sit
160 1078 292 1142 referre:
320 1097 429 1140 verum
454 1076 482 1139 ei
505 1098 555 1162 ea,
585 1075 623 1140 de
647 1077 764 1160 quibus
788 1100 858 1142 non·
877 1079 1104 1164 ambigeretur,

96 1168 172 1252 quin
195 1166 228 1231 in
253 1166 358 1230 alieno
383 1186 499 1251 genere
521 1169 637 1249 essent,
660 1169 793 1250 utputa
812 1167 969 1232 escarium
990 1189 1103 1253 argen-
1125 1207 1127 1212 ·

94 1262 164 1322 tum
187 1258 243 1320 aut
267 1254 422 1338 paenulas
442 1257 474 1317 et
491 1258 596 1336 togas,
619 1254 812 1337 supellectili
831 1257 903 1340 quis
923 1256 1105 1323 adscribere

23 1346 24 1349 ’
96 1346 209 1410 solitus
234 1343 286 1426 sit,
308 1364 373 1406 non
397 1342 516 1407 idcirco
540 1342 718 1407 existimari
740 1349 889 1427 oportere
908 1347 1105 1431 supellectili

95 1436 203 1517 legata
227 1454 264 1495 ea
287 1453 413 1514 quoque
437 1431 606 1494 contineri:
635 1453 700 1496 non
724 1432 811 1496 enim
834 1455 873 1496 ex
897 1435 1105 1519 opinionibus

95 1522 307 1606 singulorum,
345 1519 400 1583 sed
433 1540 471 1582 ex
504 1521 667 1584 communi
699 1543 760 1586 usu
791 1522 926 1586 nomina
958 1525 1104 1589 exaudiri

94 1611 218 1674 debere.

311 1695 354 1749 De
372 1695 439 1748 luna
458 1694 515 1748 lino
528 1711 660 1763 purpura
678 1696 761 1750 uxori
779 1697 883 1765 leuatis.

183 1795 234 1859 36.
262 1793 300 1858 D.
320 1795 372 1876 32,
391 1795 444 1878 60,
461 1795 491 1858 2.
524 1794 658 1858 Alfenus
682 1795 764 1861 libro
789 1795 926 1861 seeundo
952 1795 1103 1882 Digesto·

93 1906 164 1948 rum
185 1882 320 1948 aPaulo
340 1884 587 1966 epitomatorum
603 1882 652 1968 (P.
663 1881 731 1969 59).
762 1883 854 1950 Lana
872 1886 939 1949 lino
958 1907 1104 1970 purpura

94 1974 186 2038 uxori
204 1973 331 2058 legatis,
355 1994 436 2056 quae
456 1972 524 2036 eius
544 1993 641 2036 causa
658 1977 772 2056 parata
792 1976 909 2057 essent,
930 1994 1003 2038 cum
1024 1976 1103 2040 mul-

93 2067 160 2126 tam
183 2063 292 2126 lanam
317 2064 349 2124 et
372 2060 477 2125 omnis
501 2061 628 2145 generis
652 2061 850 2145 reliquisset,
878 2063 1103 2148 quaerebatur,

94 2174 135 2215 an
150 2151 254 2216 omnis
269 2150 448 2214 deberetur.
476 2150 650 2233 respondit,
664 2151 691 2213 si
706 2150 787 2214 nihil
802 2173 840 2215 ex
855 2172 893 2216 ea
907 2150 1103 2217 destinasset

94 2240 134 2304 ad
157 2262 251 2304 usum
274 2239 396 2321 uxoris,
420 2239 475 2302 sed
499 2239 603 2302 omnis
627 2239 802 2303 commixta
825 2243 923 2322 esset,
949 2261 1017 2304 non
1040 2240 1102 2305 dis·

94 2329 233 2392 similem
258 2348 328 2391 esse
352 2326 630 2409 deliberationem,
658 2349 729 2391 cum
759 2349 860 2411 penus
882 2328 993 2412 legata
1017 2333 1103 2394 esset

94 2421 126 2481 et
149 2418 267 2480 multas
291 2437 341 2478 res
361 2437 443 2498 quae
461 2436 562 2496 penus
582 2420 691 2480 essent
709 2415 904 2501 reliquisset,
926 2417 1101 2501 exquibus

93 2508 187 2588 pater
217 2502 360 2567 familias
393 2503 529 2567 vendere
562 2504 676 2568 solitus
709 2510 802 2569 esset.
856 2527 932 2570 nam
967 2505 995 2569 si
1026 2506 1102 2570 vina

94 2592 274 2657 diffudisset
297 2591 466 2656 habiturus
489 2593 597 2656 usioni
621 2594 689 2676 ipse
713 2597 746 2656 et
767 2594 861 2658 heres
886 2595 967 2677 eius,
990 2597 1101 2659 tamen

94 2703 187 2746 omne
214 2681 248 2744 in
276 2702 360 2763 penu
389 2681 574 2746 existimari.
626 2682 681 2746 sed
708 2704 781 2746 curn
808 2683 1001 2766 probaretur
1027 2705 1100 2747 eum

94 2772 148 2855 qui
171 2773 399 2834 testamentum
426 2769 556 2835 fecisset
583 2774 709 2854 partem
735 2792 836 2854 penus
860 2771 997 2836 vendere
1027 2772 1101 2837 soli-

93 2864 163 2923 tum
186 2880 266 2940 esse,
289 2859 501 2923 const'tutum
526 2880 605 2941 esse,
628 2864 663 2923 ut
687 2881 724 2922 ex
744 2880 791 2944 eo,
814 2861 899 2944 quod
918 2859 960 2924 ad
978 2882 1101 2926 annum

94 2970 174 3032 opus
199 2952 291 3030 esset,
314 2947 447 3012 heredes
470 2949 627 3032 legatario
651 2947 772 3014 darent.
819 2948 865 3013 sic
888 2949 970 3013 mihi
993 2950 1103 3035 placet

93 3037 181 3102 etin
204 3037 279 3100 lana
300 3035 380 3118 fieri,
403 3041 439 3100 ut
463 3058 500 3100 ex
524 3058 562 3100 ea
585 3037 669 3121 quod
693 3036 733 3100 ad
757 3059 849 3101 usum
870 3059 1012 3103 annuum
1032 3060 1100 3102 mu-

92 3127 164 3190 lieri
194 3126 273 3190 satis
303 3130 400 3208 esset,
433 3147 471 3189 ea
500 3129 653 3189 sumeret:
686 3147 752 3189 non
779 3126 864 3190 enim
894 3126 1030 3192 deducto
1054 3148 1101 3210 eo,

93 3216 176 3299 quod
199 3215 239 3279 ad
258 3214 319 3277 viri
337 3236 429 3279 usum
449 3236 528 3298 opus
548 3217 642 3297 esset,
665 3215 823 3298 reliquum
842 3215 936 3280 uxori
953 3215 1099 3301 legatum

93 3326 176 3368 esse:
201 3303 256 3368 sed
281 3303 365 3387 quod
388 3303 496 3367 uxoris
520 3324 618 3367 causa
640 3306 789 3386 paratum
812 3308 907 3368 esset.

181 3424 354 3483 Triboniani
372 3442 477 3483 manus
495 3443 549 3499 per
567 3425 665 3482 totum
679 3423 881 3500 fragmentum
896 3424 1101 3501 agnoscendas

93 3531 157 3571 esse
172 3516 256 3587 puto.
289 3532 348 3570 non
362 3512 449 3572 modo
464 3530 639 3588 responsum
653 3512 841 3589 negligenter
854 3515 1034 3588 proponitur
1048 3505 1101 3593 (‘ei
