2422 3840
363 191 386 241 5.
411 187 439 243 0.
455 187 657 243 TREBATIUS
675 187 791 242 TESTA
1015 188 1081 253 409

446 346 498 417 Ι116
511 382 587 433 pena
606 366 702 434 leuata.

167 465 196 528 8.
226 463 264 528 D.
284 465 340 546 33,
358 464 393 550 9,
412 466 446 547 3,
466 466 494 528 1.
517 465 547 529 2.
601 457 761 548 Ulpianus
789 465 876 541 libro
909 466 1083 532 vicensimo

77 553 215 618 seeundo
243 553 283 616 ad
312 551 467 616 Sabinum
496 548 546 639 (P.
566 551 678 640 2641).
723 554 835 619 Ariso
864 557 958 619 notat
986 556 1083 619 etiam

77 663 158 726 quae
177 642 245 705 esui
263 642 419 725 potuique
438 663 504 706 non
519 645 595 705 sunt
614 641 769 706 contineri
788 643 897 727 legato
917 642 1085 728 (penoris),

76 735 112 794 ut
130 733 210 815 puta
229 751 274 813 ea,
294 729 327 794 in
347 730 463 813 quibus
483 751 552 794 esse
572 732 721 809 solemus,
740 731 846 795 oleum
862 731 955 815 forte,
970 753 1084 815 garum

76 819 214 882 muriam
241 819 305 882 mel
333 821 502 902 ceteraque
530 819 582 883 his
610 818 738 884 similia.
787 820 882 904 plane
909 821 1027 904 inquit,
1057 822 1084 884 si

76 929 178 992 penus
198 907 364 972 esculenta
384 907 519 992 legetur,
537 906 644 973 Labeo
662 908 745 972 libro
764 930 850 973 nono
869 905 1084 992 posteriorum

78 1046 109 1061 ..
133 995 245 1060 scribit
268 996 350 1059 nihil
373 1017 483 1061 eorum
507 997 627 1075 cedere,
651 997 810 1080 quianon
828 998 908 1062 haec
927 1020 1004 1077 esse,
1029 999 1083 1063 sed

76 1106 134 1169 per
157 1106 195 1148 ea
218 1084 367 1149 solemus.
412 1083 585 1149 Trebatius
609 1087 642 1149 in
666 1086 761 1150 melle
785 1090 897 1151 eontra
921 1087 1041 1152 scribit.

458 1251 502 1306 De
519 1257 588 1306 ueste
607 1253 704 1322 leuata.

166 1352 195 1416 9.
228 1351 267 1414 D.
287 1352 342 1434 32,
361 1351 403 1415 29
417 1374 463 1435 pr.
509 1349 617 1416 Labeo
649 1354 733 1417 libro
762 1352 900 1417 seeundo
928 1354 1084 1437 posterio-

78 1462 149 1504 rum
178 1464 197 1504 a
224 1437 375 1504 Iavolene
404 1440 653 1523 epitomatorum
679 1438 727 1527 (P.
749 1439 837 1525 111).
881 1439 942 1518 Qui
970 1462 1085 1507 coneu-

79 1530 187 1594 binam
211 1528 362 1610 babebat,
386 1530 415 1592 ei
438 1531 562 1593 vestem
580 1530 698 1613 prioris
718 1529 914 1595 concubinae
932 1531 1086 1594 utendam

78 1618 221 1701 dederat,
249 1618 361 1681 deinde
384 1618 432 1681 ita
459 1617 594 1701 legavit:
623 1617 762 1683 ‘vestem
792 1641 873 1702 quae
896 1619 964 1683 eius
988 1641 1085 1683 causa

78 1710 186 1790 empta
213 1710 328 1790 parata
355 1704 460 1769 esset'.
507 1703 682 1771 Oaseellius
711 1705 882 1771 Trebatius
910 1713 1032 1792 negant
1056 1708 1085 1771 ei

79 1795 187 1859 deberi
210 1795 326 1878 prioris
350 1791 547 1859 concubinae
571 1814 668 1860 causa
691 1800 812 1879 parata,
838 1796 997 1879 quumuts¹
1021 1797 1085 1860 alia

78 1884 222 1949 eondieio
248 1886 334 1947 esset
356 1883 390 1946 in
413 1904 522 1948 uxore.

461 2047 506 2102 De
522 2048 587 2102 uiae
606 2049 699 2117 leuato.

170 2148 218 2211 10.
246 2147 285 2211 D.
305 2148 357 2231 33,
377 2148 406 2228 6,
427 2147 477 2212 15.
513 2147 672 2214 Proculus
695 2148 779 2213 libro
803 2150 940 2213 seeundo
965 2150 1086 2234 epistu-

78 2237 183 2299 larum
207 2234 255 2319 (P.
273 2233 318 2320 5).
364 2235 486 2301 Vinum
509 2258 581 2301 eum
604 2238 689 2302 vasis
713 2237 845 2321 legavit.
889 2242 988 2322 negat
1011 2237 1086 2301 Tre·

79 2324 186 2388 batius
215 2325 300 2407 quod
328 2327 361 2389 in
389 2324 484 2390 doliis
513 2327 556 2389 sit
579 2326 688 2390 deberi
711 2331 743 2390 et
766 2348 894 2391 sensum
919 2328 1085 2391 testatoris

80 2413 179 2477 alium
206 2416 302 2497 putat
330 2435 413 2497 esse,
441 2415 613 2479 verborum
636 2415 748 2479 alium:
778 2420 919 2479 ueterum
943 2415 1029 2480 dolia
1051 2416 1085 2479 in

78 2502 164 2566 vasis
189 2502 319 2567 vinariis
342 2524 408 2567 non
432 2505 579 2585 esse[nt].

373 2668 418 2723 De
435 2685 505 2723 urere
523 2675 549 2723 et
565 2674 677 2740 arquato
696 2670 790 2739 leuato.

169 2770 218 2832 11.
242 2767 282 2833 D.
301 2769 357 2851 32,
377 2769 455 2854 100,
473 2770 504 2833 2.
540 2768 711 2834 Iavolenus
734 2769 810 2835 ibid.
855 2769 972 2836 ‘Uxori
995 2792 1085 2836 meae

78 2860 210 2939 vestem,
232 2857 387 2921 mundum
405 2859 602 2940 muliebrem,
626 2864 815 2924 ornamenta
833 2861 950 2944 omnia,
972 2882 1086 2924 aurum

80 2950 248 3029 argentum
272 2945 357 3028 quod
381 2946 448 3010 eius
471 2968 569 3011 eausa
590 2946 712 3011 factum
735 2952 948 3031 paratumque
972 2950 1087 3029 es[se]t

81 3056 174 3099 omne
193 3035 233 3097 do
252 3032 348 3118 lego'.
380 3033 552 3099 Trebatius
570 3035 650 3099 haec
668 3035 766 3100 verba
786 3034 883 3120 ‘quod
902 3037 970 3100 eius
989 3058 1087 3101 eausa

78 3123 199 3186 fautum
225 3126 438 3206 paratumque
462 3121 523 3186 est'
548 3123 588 3187 ad
613 3145 725 3187 aurum
748 3128 781 3187 et
803 3129 974 3208 argentum
997 3125 1086 3188 dum-

78 3217 170 3275 taxat
192 3211 303 3276 referri
325 3215 428 3296 putat.

171 3301 222 3365 12.
249 3299 289 3364 D.
307 3302 365 3385 44,
382 3301 412 3379 2,
431 3300 483 3365 20.
520 3299 717 3383 Pomponius
739 3300 824 3365 libro
848 3305 938 3365 sexto
962 3301 1086 3367 decimo

81 3389 120 3452 ad
155 3385 313 3453 Sabinum
344 3389 393 3474 (P.
417 3388 504 3473 634).
554 3387 589 3453 Si
621 3411 660 3453 ex
686 3392 880 3455 testamento
909 3393 1015 3455 aetum
1044 3389 1088 3454 sit

152 3559 167 3606 1
191 3556 290 3609 emend.
311 3555 440 3625 Peruiee3
464 3553 511 3610 Fl.
531 3552 608 3624 quia.
