2422 3840
383 191 407 240 1.
430 186 460 239 P.
475 183 641 239 ALFENUS
660 183 782 238 VARUS
1022 183 1086 248 307

168 349 220 412 47.
244 348 283 412 D.
300 348 350 429 10,
365 349 393 429 3,
409 347 462 411 27.
497 346 619 412 Paulus
646 348 728 411 libro
752 346 850 410 tertio
875 313 1088 430 epitomarum
1161 422 1163 426 ¹

76 438 186 501 Alfeni
202 438 453 520 epitomatorum
464 435 590 522 (Pto).
610 435 658 500 De
672 435 834 499 communi
849 457 941 500 servo
951 458 1035 500 unns
1050 458 1089 500 ex

78 527 176 590 sociis
197 525 417 609 quaestionem
436 525 555 589 babere
573 525 638 588 nisi
657 523 836 588 communis
852 523 977 618 negotii
992 546 1089 588 causa

76 615 146 678 iure
169 636 235 678 non
257 616 375 698 potest.

466 699 510 753 Dc
527 698 703 768 usucapione.

167 800 219 865 48.
248 798 288 864 D.
302 799 354 880 41,
369 799 400 882 3,
415 800 467 865 34.
502 797 639 863 Alfenus
664 797 770 862 Varus
794 799 878 863 libro
902 799 1008 882 primo
1033 798 1088 863 Di·

79 894 245 972 gestorum
274 911 294 951 a
322 886 423 953 Paulo
453 889 703 970 epitomatorem
732 882 781 974 (P.
801 887 868 972 32).
915 885 949 952 Si
977 909 1088 952 servus

79 979 234 1042 insciente
250 976 381 1043 domino
395 998 463 1042 rem
478 976 674 1061 peculiarem
689 975 894 1061 vendidisset,
909 981 1088 1060 emptorem

76 1087 252 1150 usucapere
271 1087 376 1149 posse.

426 1151 470 1205 Dc
487 1151 528 1206 rei
545 1151 739 1206 vindicatione.
758 1192 759 1196 ,

166 1252 219 1318 49.
246 1251 287 1317 D.
306 1254 339 1336 6,
360 1253 393 1334 1,
409 1253 460 1317 57.
496 1250 634 1318 Alfenus
658 1251 742 1316 libro
765 1253 854 1315 sexto
878 1249 1088 1335 Digestorum

80 1337 128 1427 (P.
144 1341 210 1426 24).
246 1338 279 1405 Is
304 1363 323 1404 a
346 1362 409 1424 quo
433 1339 551 1404 fundus
571 1340 692 1424 petitus
711 1343 782 1404 erat
801 1340 841 1403 ab
861 1339 926 1404 alio
946 1340 1087 1404 eiusdem

78 1430 170 1493 fundi
192 1430 323 1494 nomine
346 1433 522 1494 conventus
546 1432 604 1493 est.
644 1429 866 1512 quaerebatur,
889 1429 917 1493 si
941 1428 1089 1493 alterutri

79 1540 189 1582 eornm
217 1520 308 1583 iussu
334 1517 448 1582 indicis
472 1516 607 1581 fundum
630 1518 826 1581 restituisset
848 1519 881 1581 et
902 1522 1017 1602 postea
1040 1539 1087 1582 se-

79 1607 218 1670 cundum
249 1608 386 1671 alterum
416 1607 589 1690 petitorem
616 1627 669 1670 res
696 1606 905 1691 iudicaretur,
936 1607 1087 1690 quemad-

78 1696 209 1759 modum
232 1718 297 1760 non
321 1696 438 1779 duplex
462 1695 615 1759 damnum
636 1694 790 1761 traheret.
830 1695 992 1778 respondi,
1014 1698 1087 1759 nter

77 1785 168 1867 prior
184 1784 280 1848 iudex
299 1783 465 1868 iudicaret,
484 1804 556 1847 eum
571 1786 722 1868 oportere
740 1783 787 1847 ita
801 1783 936 1847 fundum
955 1785 1087 1868 petitori
1182 1801 1184 1805 ·

78 1873 208 1936 restitui
231 1873 349 1957 iubere,
372 1876 408 1936 ut
431 1873 613 1956 possessori
635 1877 764 1937 caveret
782 1871 833 1936 vel
853 1871 1035 1955 satisdaret,
1058 1873 1087 1936 si

79 1962 161 2025 alter
183 1960 318 2024 fundum
342 1960 503 2043 evicisset,
525 1982 600 2025 eum
622 1962 796 2045 praestare.

168 2048 218 2113 50.
248 2048 285 2112 D.
306 2050 340 2134 6,
361 2049 394 2132 1,
412 2048 465 2115 58.
501 2048 622 2114 Paulus
645 2049 728 2115 libro
751 2048 847 2113 tertio
871 2049 1087 2132 epitomarum

78 2136 190 2200 Alfeni
213 2136 421 2222 Digestorum
444 2134 494 2225 (P.
509 2135 578 2223 49).
628 2137 659 2202 A
688 2159 751 2222 quo
779 2159 890 2202 servus
918 2137 1088 2222 petebatur

79 2230 112 2289 et
136 2224 278 2290 eiusdem
303 2227 386 2291 servi
408 2227 538 2291 nomine
556 2248 629 2291 cum
648 2249 686 2292 eo
705 2226 785 2291 furti
803 2226 968 2310 agebatur,
992 2247 1087 2309 quae·

80 2315 185 2396 rebat,
213 2315 243 2378 si
269 2317 405 2399 utroque
427 2315 545 2381 iudicio
570 2316 801 2381 condemnatus
825 2318 922 2397 esset,
949 2314 1025 2398 quid
1053 2336 1087 2378 se

79 2402 185 2467 facere
204 2409 376 2487 oporteret.
408 2405 582 2488 respondit,
601 2406 629 2469 si
647 2405 737 2490 prius
757 2425 867 2469 servus
887 2403 927 2467 ab
948 2425 985 2467 eo
1003 2403 1086 2468 evic-

80 2497 133 2556 tus
157 2492 268 2575 esset¹,
294 2515 360 2557 non
384 2498 531 2577 oportere
554 2493 692 2558 iudicem
715 2513 843 2578 eogere,
865 2497 902 2557 ut
925 2513 998 2556 eum
1021 2495 1086 2556 tra-

82 2581 171 2645 deret
197 2581 261 2645 nisi
288 2583 318 2646 ei
346 2581 537 2648 satisdatum
568 2586 667 2666 esset,
694 2581 780 2665 quod
807 2602 866 2665 pro
894 2580 1087 2645 eonomine

80 2670 234 2733 iudicium
258 2671 445 2755 accepisset,
468 2671 496 2734 si
520 2670 596 2754 quid
619 2672 660 2735 ob
685 2692 756 2735 eam
777 2692 845 2734 rem
864 2669 974 2733 datum
994 2673 1087 2749 esset,

79 2758 112 2821 id
144 2763 231 2822 recte
264 2759 430 2842 praestari.
482 2760 539 2823 sed
572 2761 599 2823 si
631 2759 720 2843 prius
754 2759 792 2823 de
822 2759 908 2822 furto
938 2759 1087 2822 sententia

79 2845 178 2911 dicto²
211 2851 296 2911 esset
328 2850 361 2911 et
391 2847 554 2911 hominem
586 2869 690 2912 noxae
722 2846 875 2930 dedisset,
907 2846 1021 2911 deinde
1049 2846 1087 2909 de

79 2936 151 3019 ipso
175 2936 305 3000 homine
328 2935 499 3000 secundum
519 2937 689 3020 petitorem
708 2937 858 3000 sententio
875 2932 974 3000 dictn²
993 2939 1086 3014 esset,

78 3045 144 3089 non
168 3025 283 3088 debere
307 3025 348 3088 ob
372 3047 443 3089 eam
466 3047 534 3089 rem
556 3024 703 3106 iudicem,
727 3025 811 3108 quod
833 3024 998 3088 hominem
1021 3044 1087 3086 nou

78 3112 235 3195 traderet,
268 3114 358 3177 litem
389 3114 575 3198 aestimare,
608 3113 759 3198 quoniam
787 3113 869 3177 nihil
897 3112 965 3176 eius
993 3111 1087 3194 culpa

78 3222 182 3284 neque
207 3202 280 3266 dolo
305 3202 506 3286 contigisset,
533 3224 596 3286 quo
620 3202 725 3267 minus
748 3200 913 3266 hominem
936 3199 1087 3265 traderet.

168 3296 204 3354 cf.
228 3296 324 3355 Servii
347 3314 489 3372 responsa
513 3299 563 3357 79.

152 3417 165 3464 1
194 3411 311 3466 Verbum
334 3410 492 3482 respondit,
515 3413 588 3481 qnod
609 3413 641 3466 in
659 3410 697 3466 F.
716 3416 781 3481 post
801 3410 825 3464 si
839 3440 873 3451 -
887 3411 961 3464 esset
979 3410 1087 3481 legitur,

77 3484 247 3550 transposui:
325 3489 340 3536 2
359 3484 407 3537 Ita
420 3485 461 3539 oet
473 3485 599 3539 similiter
612 3484 696 3539 scribi
709 3487 830 3552 oportere
842 3482 949 3537 mount
966 3481 1096 3534 Perdice.

78 3553 156 3608 Trio.
175 3553 309 3607 iudicium
328 3555 441 3610 factum.

847 3638 904 3694 nu*
