2422 3840
98 133 140 198 80
177 135 223 188 IV.
245 133 390 189 SEPTIMI
405 135 502 190 SAEC.
516 135 612 190 IURIS
629 134 802 192 CONSULT.
817 135 942 191 saulus
956 136 1102 192 ALTERA

96 303 122 360 si
144 321 162 360 a
184 302 287 362 liberis
306 270 370 362 elue
388 323 448 363 nou
467 303 660 379 discessisset,
683 306 820 380 permisit
837 305 1002 380 imperator
1020 274 1103 367 velut

95 390 265 450 Mucianam
288 393 455 451 cautionem
480 386 600 454 offerri’.
640 386 768 471 denique
791 394 976 454 lastinianus
995 413 1021 454 a.
1039 396 1100 454 531

96 477 126 538 C.
143 482 172 557 6,
187 482 239 556 40,
254 483 282 558 2,
299 481 317 538 3
337 500 402 539 cum
423 483 489 558 lege
503 481 583 540 Iulia
596 482 731 540 miscella
745 485 834 542 etiam
848 482 1021 542 Mucianam
1035 503 1101 543 cau·

94 564 401 738 tlonem(‘super)hac
416 565 517 629 causa'
532 570 740 648 conquiescere
755 572 851 632 iussit.
884 572 920 630 ef.
937 591 1004 633 nov.
1019 572 1103 630 XXII

94 674 117 715 0.
137 659 178 716 43
218 677 243 718 a.
264 661 325 719 535
344 702 351 716 .

506 765 613 825 Liber
639 765 691 825 IV.

402 881 448 938 De
471 882 604 954 lepdlmts
625 882 795 940 heredibus?

183 994 259 1055 (lum
283 995 410 1055 Sabinus
439 995 474 1054 de
501 995 645 1074 legitimis
670 997 830 1055 heredibus
852 1000 922 1072 post
943 1000 1102 1056 testamen-

95 1088 172 1162 tum,
205 1085 257 1143 sed
290 1089 359 1143 ante
387 1085 488 1162 legata
514 1085 704 1160 tractaverit,
736 1085 869 1144 Muclum
896 1085 933 1144 de
960 1085 1102 1164 legitimis

94 1173 255 1234 heredibus
287 1173 407 1232 demum
438 1176 507 1247 post
537 1175 640 1249 legata
672 1173 841 1249 scripsissse
874 1176 1000 1234 constat
1054 1174 1104 1234 sed

94 1263 161 1323 ideo
185 1263 265 1338 apud
287 1262 420 1320 Mucium
441 1262 489 1320 ius
512 1262 728 1321 hereditarium
752 1267 782 1322 et
802 1264 905 1340 legata
928 1264 1052 1323 confusa
1075 1268 1104 1323 et

94 1353 241 1428 permixta
263 1351 371 1426 fuisse,
397 1351 476 1428 quod
499 1351 635 1427 Krueger
657 1371 684 1426 p.
707 1353 769 1411 178
792 1351 908 1411 iudicat
930 1345 1103 1432 (‘Ilrbreeht

94 1440 157 1498 und
179 1440 275 1518 Legat
303 1487 360 1500 ...
387 1439 459 1498 wirr
486 1439 581 1499 durch
608 1434 786 1518 einander'),
812 1459 873 1500 non
896 1441 1102 1501 concesserim:

94 1528 236 1587 nimirum
267 1528 359 1587 Mucii
393 1529 578 1603 temporibus
614 1532 795 1588 testamento
831 1529 1009 1606 plerumque
1046 1548 1104 1589 non

94 1620 157 1675 tam
193 1618 279 1676 heres
314 1617 544 1694 instituebatur,
586 1636 677 1695 quam
713 1617 815 1694 legata
850 1617 1102 1696 relinquebantur.

94 1703 159 1766 Gai.
178 1705 216 1781 Π,
234 1707 305 1765 103.

183 1791 248 1855 Gai.
269 1795 366 1872 III,1
397 1789 625 1854 ‘Intestatorum
647 1795 829 1854 hereditates
853 1789 932 1875 <ex>
955 1796 1023 1874 lege
1046 1795 1102 1855 XII

93 1883 266 1942 tabularum
293 1885 424 1959 primum
452 1883 490 1942 ad
517 1901 587 1944 auos
614 1883 737 1943 heredes
765 1877 937 1959 pertiuent'.
989 1886 1017 1944 2.
1047 1879 1103 1944 ‘sui

95 1976 197 2031 autem
219 1972 342 2032 heredes
366 1972 575 2031 existimantur
600 1972 687 2032 liberi
711 1973 763 2048 qui
785 1973 817 2030 in
839 1975 988 2047 potestate
1012 1974 1100 2033 mori-

94 2061 171 2120 entis
194 2063 317 2121 fuerunt
415 2079 469 2119 nec
492 2060 626 2137 interest,
650 2055 797 2138 <utrum>
820 2062 974 2121 naturales
998 2057 1102 2142 <siut>

92 2150 181 2209 liberi
199 2170 236 2209 an
256 2143 411 2226 adoptivi'.
444 2151 473 2208 3.
492 2145 580 2209 ‘uror
599 2169 716 2228 quoque
734 2169 811 2225 quae
825 2150 858 2208 in
870 2169 961 2209 manu
975 2153 1031 2229 est,
1051 2169 1103 2210 sua

93 2239 179 2298 heres
203 2242 257 2316 est,
281 2239 351 2315 quia
373 2238 453 2295 filiae
476 2238 541 2296 loco
566 2232 632 2296 est'.
679 2241 706 2298 9.
732 2233 768 2298 ‘si
790 2239 892 2298 nullus
916 2239 957 2299 sit
979 2257 1102 2299 sucrum

93 2327 246 2404 heredum,
264 2333 337 2385 tunc
352 2325 504 2384 hereditas
517 2327 650 2401 pertinet
664 2346 699 2385 ex
713 2328 816 2387 eadem
830 2328 897 2405 lege
911 2327 972 2387 XII
985 2330 1103 2388 tabula·

93 2436 160 2474 rum
180 2417 217 2474 ad
237 2408 383 2492 agnatos'.
419 2416 468 2473 17.
485 2409 523 2473 ‘si
540 2415 642 2474 nullus
657 2420 786 2492 agnatus
801 2416 849 2495 sit,
869 2417 973 2475 eadem
986 2417 1104 2478 lexXII

93 2505 267 2564 tabularum
295 2502 423 2580 gentiles
451 2502 490 2561 ad
512 2504 710 2564 hereditatem
733 2498 845 2565 rocat’.
892 2506 932 2566 39
945 2523 986 2583 aq.
1012 2500 1103 2566 ‘nunc

94 2593 130 2651 de
148 2593 327 2652 libertorum
344 2591 430 2651 bonis
449 2591 612 2653 videamus.
652 2593 723 2652 olim
742 2594 844 2669 itaque
863 2593 974 2653 licebat
992 2594 1102 2655 liberto

93 2685 254 2757 patronum
282 2698 371 2738 suum
397 2680 509 2756 inpune
537 2685 718 2741 testamento
745 2682 918 2757 praeterire.
962 2701 1035 2742 nam
1059 2685 1104 2744 ita

95 2769 214 2828 demum
237 2770 286 2827 Iex
303 2769 361 2827 XII
383 2769 556 2828 tabularum
579 2771 617 2829 ad
640 2771 837 2830 hereditatem
855 2770 956 2830 liberti
975 2774 1104 2833 vocabat

94 2860 267 2935 patronum,
293 2859 319 2917 si
342 2857 503 2917 intestatus
526 2864 663 2918 mortuus
687 2863 766 2919 esset
788 2860 916 2919 libertus
939 2861 1024 2920 nullo
1049 2880 1104 2921 suo

90 2947 198 3005 herede
220 2940 347 3006 relict0.'

184 3051 211 3113 1.
231 3047 311 3112 Gell.
327 3047 356 3131 5,
373 3049 422 3133 19,
437 3047 467 3131 5,
482 3049 510 3113 6.
525 3085 568 3096 —
584 3047 645 3114 Sed
660 3049 885 3135 adrogationes
901 3072 967 3115 nen
981 3054 1105 3117 temere

93 3157 152 3200 nee
181 3136 382 3220 inexplorate
411 3139 671 3221 committentem
703 3161 779 3202 nam
808 3138 940 3203 comitia
969 3140 1103 3205 arbitris

93 3226 301 3308 pontificibus
342 3226 553 3310 praebentur,
599 3249 680 3310 quae
721 3227 846 3292 curiata
885 3228 1105 3314 appellantur,

93 3318 246 3398 aetasque
278 3314 346 3379 eius
381 3316 436 3399 qui
468 3316 624 3401 adrogare
654 3316 737 3398 vult,
773 3339 813 3381 an
847 3317 957 3381 liberis
991 3319 1103 3402 potius

94 3403 266 3487 gIgnundis
290 3403 406 3468 idonea
430 3402 485 3485 sit,
507 3405 655 3489 bonaque
680 3406 748 3469 eius
772 3406 826 3486 qui
850 3405 1039 3491 adrogatur,
1062 3429 1103 3472 ne

93 3492 245 3557 insidiose
269 3492 414 3577 adpetita
438 3493 515 3576 sint,
539 3494 767 3580 consideratur,
793 3495 905 3578 iusque
928 3495 1103 3561 iurandum
