2422 3840
97 160 163 223 272
176 112 179 118 Ι
198 159 259 215 VII.
281 158 416 216 OCTAVI
435 157 534 214 SAEO.
548 157 645 214 IURIS
659 157 833 214 consulu.
847 157 925 214 suu.
939 156 1119 214 SECUNDA

518 397 569 413 ...
593 353 690 412 libri.

288 472 332 525 De
349 472 481 525 bonorum
495 471 664 539 possessione
682 475 778 525 contro
796 469 914 524 tubulos.

188 582 215 644 1.
240 579 278 643 D.
294 580 346 664 37,
362 579 412 662 12,
427 580 447 645 3
462 602 509 662 pr.
554 578 674 643 Paulus
704 580 789 643 libro
814 583 928 643 octavo
952 579 996 643 ad
1020 577 1119 643 Plau·

98 669 180 732 tium
196 662 322 754 (1150).
364 668 524 732 Paconius
544 664 756 754 (Pacuviusi)
779 667 836 752 ait,
859 668 887 732 si
909 671 1024 750 turpes
1043 689 1118 752 per-

99 780 208 840 sonas,
241 757 343 820 veluti
372 757 587 837 meretricem,
619 779 639 820 a
665 758 800 840 parente
828 757 1055 841 emancipatus
1085 761 1119 822 et

100 846 317 910 manumissus
339 845 472 909 heredes
494 845 633 930 fecisset,
656 850 800 910 totorum
819 845 978 910 bonorum
999 849 1118 910 contra

97 936 226 999 tabulas
251 935 413 1017 possessio
432 934 557 1016 parenti
577 934 674 997 datur
693 933 765 1018 [aut
783 935 981 999 constitutae
1000 935 1118 1018 partis,

97 1026 125 1088 si
149 1046 215 1088 non
237 1023 342 1106 turpis
365 1023 458 1086 heres
483 1027 569 1087 esset
591 1021 786 1107 institutus}

351 1198 393 1252 De
411 1214 440 1253 eo
459 1198 532 1267 quod
548 1199 680 1252 utendum
697 1197 795 1252 dotum
812 1202 858 1252 cst.

188 1309 217 1372 2.
240 1307 279 1370 Ι).
295 1307 347 1386 13,
361 1307 390 1388 6,
407 1309 435 1385 1,
451 1308 480 1372 1.
515 1302 676 1390 Ulpianus
695 1307 778 1371 libro
798 1306 976 1372 vicensimo
996 1311 1115 1372 octsvo

100 1397 142 1460 ad
166 1396 303 1459 edictum
325 1395 373 1477 (P.
390 1392 478 1480 798).
521 1395 579 1459 Ait
602 1399 733 1477 praetor
757 1393 854 1478 ‘quod
875 1395 948 1478 quis
967 1417 1114 1461 commo·

103 1485 196 1548 desse
225 1484 361 1566 dicetur,
389 1485 426 1547 de
455 1505 493 1548 eo
520 1484 673 1548 iudicium
702 1483 864 1549 dsbo...’
889 1484 946 1567 qui
969 1485 1115 1549 edictum

101 1574 261 1657 concepit,
289 1573 484 1637 commodati
513 1572 590 1637 t‘ecit
617 1574 826 1655 mentionem,
853 1593 926 1636 oum
949 1571 1114 1639 Paconius

98 1660 274 1746 (Pacuuius
298 1661 365 1746 FS,
394 1660 589 1746 Pacuvius?)
618 1661 730 1725 utendi
757 1661 892 1746 <datir>
921 1661 1002 1727 fecit
1028 1683 1114 1726 men·

98 1750 230 1814 tionem.
271 1750 357 1814 inter
380 1751 619 1814 commodatum
644 1755 751 1814 autem
771 1750 980 1814 stutendum
1001 1751 1113 1816 datum

99 1838 207 1904 Labeo
233 1839 360 1923 quidem
385 1839 431 1903 ait
454 1842 609 1904 interesse

362 2147 431 2229 14.
468 2152 673 2242 <allusu
702 2151 853 2224 OINNA

188 2297 369 2372 Pomponius
397 2293 493 2371 §442
531 2291 584 2355 ‘ab
621 2297 677 2355 hoo
709 2287 843 2376 (Servio)
880 2295 1008 2370 plurimi
1044 2315 1112 2372 pro·

99 2387 251 2461 fecerunt3
274 2386 336 2444 fere
359 2389 460 2444 tamen
482 2384 513 2443 hi
536 2385 630 2444 libros
651 2385 963 2460 conscripserunt...
982 2385 1111 2444 Alfenus

100 2473 199 2532 Varus
228 2471 363 2550 [Gaius],
463 2469 620 2551 <Gaiusl>
643 2472 738 2533 Cinna
846 2491 975 2548 quorum
1010 2492 1111 2533 onmes

64 2612 66 2617 .
93 2564 152 2640 ,qui
179 2563 303 2621 fuerunt
330 2563 401 2621 libri
429 2562 539 2638 digesti
566 2565 637 2621 sunt
665 2563 703 2620 ab
730 2561 849 2620 Aufidio
871 2555 1031 2621 Namusa'.
1077 2563 1111 2621 de

100 2651 274 2729 cognomine
298 2650 393 2710 Cinna
414 2673 442 2711 v.
462 2651 629 2710 Wilmanns
653 2651 798 2726 Exempla
811 2650 851 2723 H,
867 2651 941 2710 375.

517 2890 569 2905 ...
597 2845 692 2905 libri.

472 2961 516 3015 De
532 2962 621 3029 fondo
641 2962 736 3030 lepoto.

192 3075 231 3137 1.·
251 3071 290 3137 D.
309 3073 365 3154 35,
384 3073 490 3155 1,40,
509 3073 535 3134 1.
578 3070 755 3135 davolenus
786 3070 871 3135 libro
904 3071 1046 3136 secundo
1074 3094 1111 3136 ex

100 3163 334 3247 posterioribus
348 3161 508 3226 Labeonis
523 3158 572 3245 (Ρ.
588 3158 676 3244 186).
717 3158 854 3236 Quidam
868 3159 916 3224 ita
929 3160 1112 3245 legaverat:

100 3252 145 3316 ‘si
181 3251 316 3316 Publius
350 3249 516 3316 Cornelius
555 3248 734 3332 impensam
772 3271 868 3333 quam
906 3249 941 3314 in
977 3249 1110 3314 fundum

101 3339 253 3405 Seianum
281 3339 356 3422 feci,
388 3338 498 3402 heredi
526 3358 597 3401 mco
631 3337 766 3419 dederit,
798 3344 868 3401 tum
896 3338 992 3402 heres
1019 3360 1109 3403 meus

101 3428 217 3493 Publio
252 3427 400 3492 Cornelio
433 3427 566 3492 fundum
601 3423 754 3490 Seianum
786 3425 884 3492 dato’.
935 3425 1109 3492 Cascellius

94 3517 206 3582 aicbat
238 3519 337 3582 etiarn
365 3517 508 3604 pretium
535 3515 628 3579 fundi
653 3515 726 3578 dari
751 3515 880 3599 debere,
908 3513 1026 3581 Ofilius
1053 3516 1109 3580 irn-
