2422 3840
414 167 438 217 2.
463 160 580 216 Ausus
600 160 738 216 OFILIUS
1015 160 1092 224 357:

79 324 162 406 Seio,
185 326 235 389 cui
254 324 380 389 debitor
400 326 617 408 mandaverat,
639 329 676 388 ut
693 346 813 388 nomen
831 326 959 406 emeret,
983 324 1084 408 deque

76 436 114 477 ea
137 435 171 477 re
195 418 322 498 emptor
344 413 518 497 stipulatus
543 418 604 493 est,
633 412 747 477 deinde
770 409 910 476 creditor
934 434 1004 476 eam
1028 435 1084 495 pe-

76 503 204 566 cuniam
227 503 354 584 retinet,
377 523 474 586 quam
497 523 555 585 per
572 501 710 566 iudicem
729 500 872 583 abstulit,
897 523 938 564 an
957 509 1083 583 emptor

76 613 114 654 ex
152 590 308 675 stipulatu
344 591 450 672 possit
487 589 644 673 experiri?
694 596 728 654 et
762 588 876 653 Ofilius
911 592 1019 672 putat,
1056 590 1085 653 si

75 679 224 743 venditor
252 679 393 743 nominis
422 685 555 762 paratus
586 700 651 744 non
680 679 723 743 sit
751 678 897 760 reddere,
928 682 1084 761 quantum

76 768 116 832 ab
154 770 298 852 emptore
335 769 508 851 acceperit,
544 789 611 832 non
645 768 827 832 nocituram
862 766 1083 850 exceptionem

76 858 141 921 doli
174 857 259 921 mali.

252 1031 356 1090 Loculi
379 1032 509 1090 caduca
532 1027 586 1102 (od
609 1031 696 1104 leyen
718 1024 907 1109 Rhodiam).

167 1150 216 1213 14.
241 1149 279 1214 D.
296 1151 347 1232 14,
363 1150 392 1230 2,
407 1151 437 1233 2,
451 1151 480 1214 3.
512 1148 602 1212 Idem
621 1146 771 1235 (Paulus)
790 1148 873 1212 libro
893 1148 1092 1233 trigensimo'

79 1243 192 1319 quarto
218 1238 258 1302 ad
282 1238 421 1303 edictum
447 1237 496 1322 (P.
513 1234 602 1324 521).
651 1236 685 1302 si
708 1237 799 1302 navis
827 1259 846 1301 a
869 1235 985 1321 piratis
1015 1236 1085 1300 red-

78 1330 186 1407 empta
227 1327 284 1409 sit,
326 1325 455 1391 Servius
493 1326 606 1391 Ofilius
643 1325 752 1391 Labeo
790 1347 902 1391 omnes
940 1326 1085 1390 conferre

77 1414 193 1479 debere
223 1415 329 1500 aiunt3
357 1417 442 1500 quod
469 1437 544 1480 vero
573 1415 752 1500 praedones
780 1414 985 1499 abstulerint,
1013 1436 1085 1478 eum

76 1503 208 1586 perdere
237 1505 326 1568 ouius
354 1503 488 1584 fuerint,
518 1525 577 1569 nec
605 1503 832 1568 conferendum
861 1504 903 1586 ei,
932 1505 987 1588 qui
1010 1525 1085 1567 suas

77 1614 199 1656 merces
222 1593 404 1659 redemerit.

408 1765 460 1826 Ad
482 1767 569 1840 lcpcm
591 1764 752 1839 Aquiliam.

168 1884 218 1948 15.
246 1884 286 1950 D.
306 1886 342 1966 9,
360 1886 394 1966 2,
413 1886 448 1965 9,
467 1886 496 1951 3.
534 1883 693 1968 Ulpianus
718 1884 800 1949 libro
825 1888 939 1950 octavo
963 1884 1086 1950 decimo

78 1972 118 2035 ad
147 1973 286 2037 edictum
315 1970 365 2060 (P.
384 1971 487 2060 614¹2).
533 1972 568 2038 Si
596 1969 723 2039 servum
751 1995 857 2038 meum
886 1973 1085 2058 equitantem

77 2062 238 2125 concitato
267 2083 349 2145 equo
378 2062 520 2126 effeceris
549 2063 584 2126 in
610 2062 728 2128 flumen
758 2061 962 2145 praecipitari
991 2065 1086 2144 atque

76 2149 149 2213 ideo
173 2149 270 2214 homo
293 2151 440 2235 perierit,
465 2151 499 2214 in
521 2149 645 2216 factum
669 2172 738 2216 esse
763 2151 899 2215 dandam
924 2150 1086 2215 actionem

77 2236 192 2301 Ofilius
217 2239 341 2321 scribit,
367 2240 635 2325 quemadmodum
659 2239 688 2304 si
711 2262 820 2305 servus
842 2261 931 2303 meus
956 2240 997 2305 ab
1021 2240 1085 2303 alio
1136 2322 1138 2327 ,

77 2327 109 2390 in
133 2326 267 2392 insidias
291 2329 458 2413 deductus,
482 2329 522 2393 ab
547 2328 612 2393 alio
636 2334 721 2394 esset
738 2327 877 2395 occisus.
994 2411 996 2414 Α

483 2511 531 2570 De
552 2513 678 2572 iniuriis.
1042 2575 1045 2580 ,

168 2628 218 2693 16.
242 2627 445 2717 Ι).41,10,5,
458 2634 485 2693 1.
512 2629 671 2714 Ulpianus
690 2631 774 2696 libro
794 2630 1085 2715 quinquagensimo

79 2721 169 2780 sexto
202 2716 242 2780 ad
275 2717 414 2782 edictum
447 2714 497 2803 (P.
518 2716 628 2805 1337).
682 2717 772 2783 Inter
802 2719 1018 2803 pulsationem
1054 2725 1087 2782 et

80 2806 336 2869 verberationem
350 2806 412 2870 hoc
426 2807 570 2892 interest,
589 2811 626 2872 ut
641 2807 756 2872 Ofilius
772 2808 897 2874 scribit:
917 2807 1086 2873 verberare

77 2897 129 2957 est
152 2915 225 2957 cum
249 2893 358 2958 dolore
382 2894 524 2973 caedere,
548 2896 677 2978 pulsare
701 2898 770 2961 sine
793 2896 913 2961 dolore.

168 3001 217 3063 11.
241 2999 278 3063 D.
294 3003 345 3081 47,
362 3000 413 3083 10,
427 3001 479 3066 23.
506 2999 628 3066 Paulus
646 3000 731 3067 libro
751 3006 866 3086 quarto
887 3002 926 3066 ad
946 3001 1086 3065 edictum

77 3085 126 3171 (P.
147 3085 234 3174 130).
281 3089 341 3163 Qui
369 3090 402 3153 in
431 3089 562 3153 domum
590 3091 730 3176 alienam
758 3092 860 3156 invito
884 3090 1013 3155 domino
1037 3092 1085 3152 in-

76 3178 200 3258 troiret,
223 3179 369 3261 quamvis
392 3177 427 3241 in
450 3177 500 3241 ius
523 3183 627 3261 vocat,
652 3179 812 3244 actionem
835 3179 1025 3243 iniuriarum
1051 3179 1085 3241 in

77 3285 148 3327 eum
168 3271 349 3349 competere
373 3265 487 3330 Ofilius
512 3267 566 3330 ait.
1091 3278 1093 3283 '
