2422 3840
95 162 161 224 270
198 160 258 217 VII.
281 161 415 216 OCTAVI
432 159 531 215 SAEO.
545 159 642 215 IURIS
658 159 831 215 CONSULT.
846 158 923 215 SDR.
938 157 1114 214 SECUNDA

93 325 182 389 iussu
207 324 372 388 testatoris
396 325 591 387 translatum
615 326 711 405 esset,
739 322 863 386 deberi:
891 326 1005 387 contra
1030 322 1113 404 fore,

94 415 122 477 si
146 414 269 477 iniussu
291 413 486 476 translatum
510 417 603 476 esset.

452 586 496 640 De
514 587 627 640 aeditus
646 587 749 655 tepetis.

183 698 212 760 2.
236 693 275 759 D.
290 697 342 778 32,
357 697 409 778 30,
424 696 453 759 6.
491 694 599 759 Labeo
624 695 707 761 libro
732 694 871 760 secundo
888 695 1112 778 posteriorum

96 807 116 848 a
133 783 292 849 Javoleno
311 786 562 868 epitomatorum
577 781 626 870 (P.
638 781 726 872 172).
761 780 797 848 Si
816 783 910 848 aedes
930 783 1056 848 alienas
1077 789 1113 850 ut

96 875 189 938 dures
219 873 390 937 damnatus
419 873 463 937 sis
493 894 595 956 neque
620 894 674 937 eas
697 873 766 937 ulla
789 871 977 937 condicione
1002 895 1113 938 emere

95 963 214 1046 possis,
257 963 427 1026 aestimare
468 962 606 1025 iudicem
643 966 792 1046 oportere
827 960 943 1026 Ateius
982 963 1110 1048 scribit,

96 1052 209 1135 quenti
232 1052 326 1115 aedes
351 1052 425 1135 sint,
448 1055 484 1114 nt
507 1052 611 1133 pretio
637 1050 744 1115 soluto
767 1049 861 1114 heres
884 1050 1054 1116 liberetur.

185 1179 249 1239 Gai.
265 1182 294 1256 2,
310 1182 387 1239 202:
421 1199 515 1256 eoque
548 1198 656 1257 genere
688 1179 783 1257 legati
815 1179 907 1238 etiem
934 1179 1038 1240 aliena
1064 1200 1112 1240 res

95 1270 193 1347 legari
216 1273 329 1346 potest,
357 1269 401 1327 ita
428 1271 464 1328 ut
492 1269 577 1327 heres
600 1268 745 1327 redimere
769 1263 875 1346 (rem)
897 1270 928 1326 et
951 1272 1111 1345 praestare

96 1361 150 1416 aut
174 1357 415 1416 aestimationem
438 1357 502 1416 eius
526 1358 597 1416 dere
621 1356 737 1416 debeat.

460 1526 504 1581 De
523 1528 595 1582 dotis
612 1528 739 1582 dictione.

186 1636 216 1698 3.
244 1635 283 1700 D.
302 1637 354 1719 23,
369 1637 398 1714 3,
418 1636 469 1715 79,
486 1638 513 1700 1.
556 1635 663 1700 Labeo
687 1635 771 1700 libro
796 1640 885 1701 sexto
910 1635 1110 1702 aJavoleno

97 1722 347 1806 epitomatorum
371 1722 420 1810 (P.
438 1722 527 1810 221).
572 1724 670 1788 Peter
700 1724 788 1789 filiae
819 1724 951 1789 nomine
979 1731 1110 1790 eentum

96 1813 165 1876 doti
191 1814 241 1876 ito
266 1812 372 1896 dixitl,
401 1812 485 1878 ‘cum
515 1813 812 1878 commodissimum
840 1811 946 1878 esset'.
993 1813 1109 1880 Ateius

96 1901 228 1985 scripsit
255 1901 401 1967 Servium
429 1902 648 1985 respondisse,
678 1923 751 1966 cum
779 1901 920 1987 primum
949 1904 1021 1968 sine
1044 1909 1109 1968 tur·

94 1991 241 2074 pitudinc
265 1995 298 2055 et
321 1991 457 2055 infamia
480 1990 550 2055 deri
573 1991 685 2075 possit,
709 1990 825 2056 deberi.
930 2000 933 2005 '

103 2163 104 2167 ,
167 2125 181 2172 1
210 2120 283 2175 Trio.
303 2119 441 2190 promisit.

529 2210 573 2263 De
592 2227 672 2279 aquo.

185 2319 215 2382 4.
247 2319 285 2383 D.
305 2320 357 2402 39,
376 2319 405 2404 3,
425 2321 454 2397 2,
473 2321 503 2384 4.
557 2317 676 2383 Paulus
713 2319 798 2384 libro
836 2318 1106 2404 quadragensimo

96 2428 183 2471 nono
208 2406 248 2471 ad
269 2409 409 2472 edictum
427 2405 478 2494 (P.
492 2408 582 2494 632).
622 2407 719 2490 Apud
737 2407 869 2472 Ateium
894 2458 945 2474 ...
969 2409 1105 2473 relatum

96 2501 146 2558 est
174 2517 247 2559 eum
274 2496 410 2580 fossam,
438 2519 476 2560 ex
505 2518 569 2580 qna
592 2495 631 2560 ad
654 2496 842 2561 inferiorem
865 2496 1002 2561 fundum
1026 2519 1105 2581 equa

97 2583 275 2666 descendit,
298 2586 475 2669 cogendum
500 2606 569 2649 esse
592 2585 733 2650 vicinum
756 2605 903 2669 purgare,
928 2586 997 2650 sive
1022 2589 1106 2650 extet

95 2672 203 2736 fossae
227 2675 382 2738 memorie
406 2673 471 2737 sive
495 2695 561 2738 non
584 2678 638 2738 ext
657 2678 679 2737 t.

412 2847 509 2916 Aquae
522 2849 636 2918 pluviae
654 2848 795 2904 arcendae.

184 2955 214 3020 5.
233 2955 272 3020 D.
287 2957 339 3040 39,
354 2957 383 3039 3,
400 2958 494 3040 14pr.
522 2958 642 3022 Paulus
657 2959 742 3021 libro
757 2956 1008 3042 quadragesimo
1024 2978 1102 3022 nono

96 3045 136 3106 ed
156 3044 296 3109 edictum
316 3044 365 3131 (P.
377 3042 465 3169 632).
499 3046 760 3130 A[n]t[e]e<i>us
780 3048 837 3128 ait,
855 3046 883 3109 si
902 3047 929 3109 is
950 3047 1007 3128 qui
1025 3067 1102 3129 opus

95 3133 216 3216 feeerit,
228 3139 337 3215 postea
354 3134 434 3198 Titio
463 3136 641 3199 vendiderit
655 3134 830 3219 praedium,
850 3138 1010 3219 quatenus
1027 3134 1102 3199 desi-

96 3223 159 3285 erit
178 3222 326 3287 dominus
345 3244 425 3308 esse,
449 3223 607 3307 agendum
627 3245 699 3288 cum
719 3245 756 3288 eo
777 3224 862 3306 quod
884 3224 915 3288 vi
934 3227 991 3289 cut
1010 3224 1100 3304 clum3

95 3311 180 3393 quod
206 3312 233 3374 si
258 3334 361 3376 annus
384 3311 596 3396 praeterierit,
620 3312 658 3376 de
682 3314 755 3377 dolo
779 3312 931 3377 iudicium
956 3313 1101 3377 dandum.

169 3452 187 3509 1
213 3451 302 3516 Mor.
328 3453 512 3533 potentiori.

534 3572 708 3586 ...-.-
