<?xml version="1.0" encoding="UTF-8"?>
<!DOCTYPE html PUBLIC "-//W3C//DTD XHTML 1.0 Transitional//EN"
    "http://www.w3.org/TR/xhtml1/DTD/xhtml1-transitional.dtd">
<html xmlns="http://www.w3.org/1999/xhtml" xml:lang="en" lang="en">
 <head>
  <title>
</title>
<meta http-equiv="Content-Type" content="text/html;charset=utf-8" />
  <meta name='ocr-system' content='tesseract 3.04.00' />
  <meta name='ocr-capabilities' content='ocr_page ocr_carea ocr_par ocr_line ocrx_word'/>
</head>
<body>
  <div class='ocr_page' id='page_1' title='image "./iurisprudentiae00bremgoog_0334.png"; bbox 0 0 2422 3840; ppageno 0'>
   <div class='ocr_carea' id='block_1_1' title="bbox 388 121 1089 213">
    <p class='ocr_par' dir='ltr' id='par_1_1' title="bbox 388 121 1089 213">
     <span class='ocr_line' id='line_1_1' title="bbox 388 121 1089 213; baseline 0.011 -8"><span class='ocrx_word' id='word_1_1' title='bbox 388 161 411 205; x_wconf 93' lang='lat'>1.</span> <span class='ocrx_word' id='word_1_2' title='bbox 434 150 462 204; x_wconf 84' lang='lat' dir='ltr'>P.</span> <span class='ocrx_word' id='word_1_3' title='bbox 478 121 643 205; x_wconf 69' lang='lat' dir='ltr'>insenos</span> <span class='ocrx_word' id='word_1_4' title='bbox 662 149 784 204; x_wconf 77' lang='lat' dir='ltr'>vanus</span> <span class='ocrx_word' id='word_1_5' title='bbox 1025 149 1089 213; x_wconf 75' lang='lat'>321</span> 
     </span>
    </p>
   </div>
   <div class='ocr_carea' id='block_1_2' title="bbox 81 313 1090 486">
    <p class='ocr_par' dir='ltr' id='par_1_2' title="bbox 81 313 1090 486">
     <span class='ocr_line' id='line_1_2' title="bbox 81 313 1090 398; baseline -0.002 -19"><span class='ocrx_word' id='word_1_6' title='bbox 81 316 200 398; x_wconf 84' lang='lat' dir='ltr'>pignus</span> <span class='ocrx_word' id='word_1_7' title='bbox 226 317 403 397; x_wconf 87' lang='lat' dir='ltr'>acceperat,</span> <span class='ocrx_word' id='word_1_8' title='bbox 433 336 452 377; x_wconf 88' lang='lat' dir='ltr'>a</span> <span class='ocrx_word' id='word_1_9' title='bbox 478 334 570 377; x_wconf 83' lang='lat' dir='ltr'>servo</span> <span class='ocrx_word' id='word_1_10' title='bbox 594 313 624 376; x_wconf 93' lang='lat' dir='ltr'>ei</span> <span class='ocrx_word' id='word_1_11' title='bbox 648 313 754 376; x_wconf 88' lang='lat' dir='ltr'>soluta</span> <span class='ocrx_word' id='word_1_12' title='bbox 778 316 876 394; x_wconf 85' lang='lat' dir='ltr'>esset,</span> <span class='ocrx_word' id='word_1_13' title='bbox 903 334 970 376; x_wconf 90' lang='lat' dir='ltr'>non</span> <span class='ocrx_word' id='word_1_14' title='bbox 997 334 1090 392; x_wconf 87' lang='lat' dir='ltr'>posse</span> 
     </span>
     <span class='ocr_line' id='line_1_3' title="bbox 82 405 845 486; baseline -0.004 -19"><span class='ocrx_word' id='word_1_15' title='bbox 82 405 122 467; x_wconf 88' lang='lat' dir='ltr'>ab</span> <span class='ocrx_word' id='word_1_16' title='bbox 148 426 184 467; x_wconf 92' lang='lat' dir='ltr'>ec</span> <span class='ocrx_word' id='word_1_17' title='bbox 210 405 319 486; x_wconf 87' lang='lat' dir='ltr'>repeti.</span> <span class='ocrx_word' id='word_1_18' title='bbox 369 452 371 455; x_wconf 84' lang='lat'><em>.</em></span> <span class='ocrx_word' id='word_1_19' title='bbox 395 415 398 421; x_wconf 84' lang='lat'>&#39;</span> <span class='ocrx_word' id='word_1_20' title='bbox 841 434 845 442; x_wconf 92' lang='lat'>·</span> 
     </span>
    </p>
   </div>
   <div class='ocr_carea' id='block_1_3' title="bbox 171 522 591 598">
    <p class='ocr_par' dir='ltr' id='par_1_3' title="bbox 171 522 591 598">
     <span class='ocr_line' id='line_1_4' title="bbox 171 522 591 598; baseline -0.002 -17"><span class='ocrx_word' id='word_1_21' title='bbox 171 525 205 581; x_wconf 85' lang='lat' dir='ltr'>cf.</span> <span class='ocrx_word' id='word_1_22' title='bbox 232 522 328 582; x_wconf 80' lang='lat' dir='ltr'>Servii</span> <span class='ocrx_word' id='word_1_23' title='bbox 351 539 494 598; x_wconf 88' lang='lat' dir='ltr'>responsa</span> <span class='ocrx_word' id='word_1_24' title='bbox 519 523 591 580; x_wconf 88' lang='lat'>134.</span> 
     </span>
    </p>
   </div>
   <div class='ocr_carea' id='block_1_4' title="bbox 170 752 1087 964">
    <p class='ocr_par' dir='ltr' id='par_1_4' title="bbox 170 752 1087 964">
     <span class='ocr_line' id='line_1_5' title="bbox 412 752 760 810; baseline -0.003 0"><span class='ocrx_word' id='word_1_25' title='bbox 412 752 458 810; x_wconf 87' lang='lat' dir='ltr'>De</span> <span class='ocrx_word' id='word_1_26' title='bbox 480 753 573 810; x_wconf 73' lang='lat' dir='ltr'>iudice</span> <span class='ocrx_word' id='word_1_27' title='bbox 596 756 621 809; x_wconf 82' lang='lat' dir='ltr'>ct</span> <span class='ocrx_word' id='word_1_28' title='bbox 644 753 760 810; x_wconf 77' lang='lat' dir='ltr'>arbitro.</span> 
     </span>
     <span class='ocr_line' id='line_1_6' title="bbox 170 857 1087 964; baseline 0.001 -21"><span class='ocrx_word' id='word_1_29' title='bbox 170 880 221 944; x_wconf 85' lang='lat'>95.</span> <span class='ocrx_word' id='word_1_30' title='bbox 249 880 288 943; x_wconf 91' lang='lat' dir='ltr'>D.</span> <span class='ocrx_word' id='word_1_31' title='bbox 307 879 336 962; x_wconf 81' lang='lat'>5,</span> <span class='ocrx_word' id='word_1_32' title='bbox 358 881 384 959; x_wconf 88' lang='lat'>1,</span> <span class='ocrx_word' id='word_1_33' title='bbox 406 879 456 944; x_wconf 81' lang='lat'>76.</span> <span class='ocrx_word' id='word_1_34' title='bbox 493 857 628 943; x_wconf 88' lang='lat' dir='ltr'>Alfenus</span> <span class='ocrx_word' id='word_1_35' title='bbox 652 879 735 943; x_wconf 86' lang='lat' dir='ltr'>libro</span> <span class='ocrx_word' id='word_1_36' title='bbox 762 884 851 944; x_wconf 85' lang='lat' dir='ltr'>sexto</span> <span class='ocrx_word' id='word_1_37' title='bbox 877 876 1087 964; x_wconf 75' lang='lat' dir='ltr'>Digestorum</span> 
     </span>
    </p>
   </div>
   <div class='ocr_carea' id='block_1_5' title="bbox 80 966 1183 1055">
    <p class='ocr_par' dir='ltr' id='par_1_5' title="bbox 80 966 1183 1055">
     <span class='ocr_line' id='line_1_7' title="bbox 80 966 1183 1055; baseline -0.001 -22"><span class='ocrx_word' id='word_1_38' title='bbox 80 968 130 1054; x_wconf 87' lang='lat' dir='ltr'>(P.</span> <span class='ocrx_word' id='word_1_39' title='bbox 150 966 217 1053; x_wconf 76' lang='lat'>23).</span> <span class='ocrx_word' id='word_1_40' title='bbox 267 968 512 1052; x_wconf 85' lang='lat' dir='ltr'>Proponebatur</span> <span class='ocrx_word' id='word_1_41' title='bbox 540 989 578 1032; x_wconf 85' lang='lat' dir='ltr'>ex</span> <span class='ocrx_word' id='word_1_42' title='bbox 600 967 652 1031; x_wconf 92' lang='lat' dir='ltr'>his</span> <span class='ocrx_word' id='word_1_43' title='bbox 676 968 848 1050; x_wconf 91' lang='lat' dir='ltr'>iudicibus,</span> <span class='ocrx_word' id='word_1_44' title='bbox 878 969 989 1053; x_wconf 89' lang='lat' dir='ltr'>quiin</span> <span class='ocrx_word' id='word_1_45' title='bbox 1014 991 1088 1034; x_wconf 90' lang='lat' dir='ltr'>ean·</span> <span class='ocrx_word' id='word_1_46' title='bbox 1181 1047 1183 1055; x_wconf 33' lang='grc' dir='ltr'>Ι</span> 
     </span>
    </p>
   </div>
   <div class='ocr_carea' id='block_1_6' title="bbox 64 1057 1174 3093">
    <p class='ocr_par' dir='ltr' id='par_1_6' title="bbox 64 1057 1174 3093">
     <span class='ocr_line' id='line_1_8' title="bbox 82 1057 1088 1140; baseline 0.001 -19"><span class='ocrx_word' id='word_1_47' title='bbox 82 1061 152 1122; x_wconf 91' lang='lat' dir='ltr'>dem</span> <span class='ocrx_word' id='word_1_48' title='bbox 172 1080 238 1121; x_wconf 91' lang='lat' dir='ltr'>rem</span> <span class='ocrx_word' id='word_1_49' title='bbox 259 1057 326 1120; x_wconf 86' lang='lat' dir='ltr'>dati</span> <span class='ocrx_word' id='word_1_50' title='bbox 346 1061 463 1140; x_wconf 78' lang='lat' dir='ltr'>essent,</span> <span class='ocrx_word' id='word_1_51' title='bbox 481 1057 655 1120; x_wconf 88' lang='lat' dir='ltr'>nonnullos</span> <span class='ocrx_word' id='word_1_52' title='bbox 675 1078 772 1120; x_wconf 89' lang='lat' dir='ltr'>causa</span> <span class='ocrx_word' id='word_1_53' title='bbox 792 1057 901 1137; x_wconf 87' lang='lat' dir='ltr'>audita</span> <span class='ocrx_word' id='word_1_54' title='bbox 919 1061 1088 1123; x_wconf 83' lang='lat' dir='ltr'>excusatos</span> 
     </span>
     <span class='ocr_line' id='line_1_9' title="bbox 80 1145 1088 1230; baseline 0.001 -20"><span class='ocrx_word' id='word_1_55' title='bbox 80 1170 150 1211; x_wconf 90' lang='lat' dir='ltr'>esse</span> <span class='ocrx_word' id='word_1_56' title='bbox 173 1145 270 1229; x_wconf 88' lang='lat' dir='ltr'>inque</span> <span class='ocrx_word' id='word_1_57' title='bbox 294 1164 403 1210; x_wconf 88' lang='lat' dir='ltr'>corum</span> <span class='ocrx_word' id='word_1_58' title='bbox 427 1146 531 1210; x_wconf 90' lang='lat' dir='ltr'>locum</span> <span class='ocrx_word' id='word_1_59' title='bbox 556 1145 638 1210; x_wconf 87' lang='lat' dir='ltr'>alios</span> <span class='ocrx_word' id='word_1_60' title='bbox 663 1166 733 1209; x_wconf 87' lang='lat' dir='ltr'>esse</span> <span class='ocrx_word' id='word_1_61' title='bbox 758 1149 913 1229; x_wconf 88' lang='lat' dir='ltr'>sumptos,</span> <span class='ocrx_word' id='word_1_62' title='bbox 938 1152 970 1209; x_wconf 83' lang='lat' dir='ltr'>et</span> <span class='ocrx_word' id='word_1_63' title='bbox 993 1169 1088 1230; x_wconf 89' lang='lat' dir='ltr'>quae·</span> 
     </span>
     <span class='ocr_line' id='line_1_10' title="bbox 80 1234 1174 1320; baseline -0.004 -22"><span class='ocrx_word' id='word_1_64' title='bbox 80 1237 224 1320; x_wconf 90' lang='lat' dir='ltr'>rebatur,</span> <span class='ocrx_word' id='word_1_65' title='bbox 249 1235 450 1318; x_wconf 81' lang='lat' dir='ltr'>singulorum</span> <span class='ocrx_word' id='word_1_66' title='bbox 473 1234 613 1298; x_wconf 86' lang='lat' dir='ltr'>iudieum</span> <span class='ocrx_word' id='word_1_67' title='bbox 637 1235 775 1298; x_wconf 84' lang='lat' dir='ltr'>mutatio</span> <span class='ocrx_word' id='word_1_68' title='bbox 799 1234 931 1299; x_wconf 88' lang='lat' dir='ltr'>eandem</span> <span class='ocrx_word' id='word_1_69' title='bbox 955 1256 1023 1298; x_wconf 92' lang='lat' dir='ltr'>rem</span> <span class='ocrx_word' id='word_1_70' title='bbox 1048 1258 1089 1300; x_wconf 92' lang='lat' dir='ltr'>an</span> <span class='ocrx_word' id='word_1_71' title='bbox 1171 1289 1174 1294; x_wconf 82' lang='lat'><strong>.</strong></span> 
     </span>
     <span class='ocr_line' id='line_1_11' title="bbox 81 1323 1087 1406; baseline 0.002 -19"><span class='ocrx_word' id='word_1_72' title='bbox 81 1324 167 1388; x_wconf 90' lang='lat' dir='ltr'>aliud</span> <span class='ocrx_word' id='word_1_73' title='bbox 194 1324 346 1388; x_wconf 86' lang='lat' dir='ltr'>iudicium</span> <span class='ocrx_word' id='word_1_74' title='bbox 372 1323 510 1387; x_wconf 76' lang='lat' dir='ltr'><strong>fecisset.</strong></span> <span class='ocrx_word' id='word_1_75' title='bbox 555 1323 719 1406; x_wconf 76' lang='lat' dir='ltr'>respondi,</span> <span class='ocrx_word' id='word_1_76' title='bbox 745 1345 811 1387; x_wconf 91' lang='lat' dir='ltr'>non</span> <span class='ocrx_word' id='word_1_77' title='bbox 835 1323 930 1388; x_wconf 86' lang='lat' dir='ltr'>modo</span> <span class='ocrx_word' id='word_1_78' title='bbox 955 1323 982 1388; x_wconf 89' lang='lat' dir='ltr'>si</span> <span class='ocrx_word' id='word_1_79' title='bbox 1006 1346 1087 1389; x_wconf 86' lang='lat' dir='ltr'>unus</span> 
     </span>
     <span class='ocr_line' id='line_1_12' title="bbox 80 1412 1088 1494; baseline 0 -17"><span class='ocrx_word' id='word_1_80' title='bbox 80 1418 135 1477; x_wconf 87' lang='lat' dir='ltr'>aut</span> <span class='ocrx_word' id='word_1_81' title='bbox 155 1412 246 1494; x_wconf 87' lang='lat' dir='ltr'>alter,</span> <span class='ocrx_word' id='word_1_82' title='bbox 265 1412 321 1476; x_wconf 91' lang='lat' dir='ltr'>sed</span> <span class='ocrx_word' id='word_1_83' title='bbox 340 1416 373 1476; x_wconf 90' lang='lat' dir='ltr'>et</span> <span class='ocrx_word' id='word_1_84' title='bbox 393 1412 421 1475; x_wconf 87' lang='lat' dir='ltr'>si</span> <span class='ocrx_word' id='word_1_85' title='bbox 440 1433 550 1476; x_wconf 86' lang='lat' dir='ltr'>omnes</span> <span class='ocrx_word' id='word_1_86' title='bbox 570 1412 690 1476; x_wconf 87' lang='lat' dir='ltr'>iudices</span> <span class='ocrx_word' id='word_1_87' title='bbox 709 1412 826 1476; x_wconf 87' lang='lat' dir='ltr'>mutati</span> <span class='ocrx_word' id='word_1_88' title='bbox 846 1417 963 1491; x_wconf 86' lang='lat' dir='ltr'>essent,</span> <span class='ocrx_word' id='word_1_89' title='bbox 978 1417 1088 1477; x_wconf 87' lang='lat' dir='ltr'>tamen</span> 
     </span>
     <span class='ocr_line' id='line_1_13' title="bbox 80 1500 1088 1585; baseline 0.001 -20"><span class='ocrx_word' id='word_1_90' title='bbox 80 1507 114 1566; x_wconf 89' lang='lat' dir='ltr'>et</span> <span class='ocrx_word' id='word_1_91' title='bbox 140 1524 207 1565; x_wconf 90' lang='lat' dir='ltr'>rem</span> <span class='ocrx_word' id='word_1_92' title='bbox 237 1501 368 1564; x_wconf 89' lang='lat' dir='ltr'>eandem</span> <span class='ocrx_word' id='word_1_93' title='bbox 398 1506 430 1564; x_wconf 90' lang='lat' dir='ltr'>et</span> <span class='ocrx_word' id='word_1_94' title='bbox 457 1500 609 1564; x_wconf 89' lang='lat' dir='ltr'>iudicium</span> <span class='ocrx_word' id='word_1_95' title='bbox 635 1501 719 1564; x_wconf 88' lang='lat' dir='ltr'>idem</span> <span class='ocrx_word' id='word_1_96' title='bbox 743 1501 828 1585; x_wconf 88' lang='lat' dir='ltr'>quod</span> <span class='ocrx_word' id='word_1_97' title='bbox 853 1506 948 1565; x_wconf 82' lang='lat' dir='ltr'>antea</span> <span class='ocrx_word' id='word_1_98' title='bbox 971 1502 1088 1567; x_wconf 86' lang='lat' dir='ltr'>fuisset</span> 
     </span>
     <span class='ocr_line' id='line_1_14' title="bbox 78 1589 1085 1674; baseline 0.003 -21"><span class='ocrx_word' id='word_1_99' title='bbox 78 1611 279 1674; x_wconf 83' lang='lat' dir='ltr'>permanere,</span> <span class='ocrx_word' id='word_1_100' title='bbox 308 1611 410 1672; x_wconf 91' lang='lat' dir='ltr'>neque</span> <span class='ocrx_word' id='word_1_101' title='bbox 437 1590 472 1651; x_wconf 92' lang='lat' dir='ltr'>in</span> <span class='ocrx_word' id='word_1_102' title='bbox 498 1590 560 1653; x_wconf 88' lang='lat' dir='ltr'>hoc</span> <span class='ocrx_word' id='word_1_103' title='bbox 585 1589 689 1653; x_wconf 90' lang='lat' dir='ltr'>solum</span> <span class='ocrx_word' id='word_1_104' title='bbox 713 1591 852 1671; x_wconf 86' lang='lat' dir='ltr'>evenire,</span> <span class='ocrx_word' id='word_1_105' title='bbox 876 1593 912 1653; x_wconf 93' lang='lat' dir='ltr'>ut</span> <span class='ocrx_word' id='word_1_106' title='bbox 935 1591 1085 1673; x_wconf 90' lang='lat' dir='ltr'>partibus</span> 
     </span>
     <span class='ocr_line' id='line_1_15' title="bbox 79 1677 1087 1761; baseline 0.002 -19"><span class='ocrx_word' id='word_1_107' title='bbox 79 1680 283 1742; x_wconf 88' lang='lat' dir='ltr'>commutatis</span> <span class='ocrx_word' id='word_1_108' title='bbox 312 1678 422 1761; x_wconf 85' lang='lat' dir='ltr'>eadem</span> <span class='ocrx_word' id='word_1_109' title='bbox 450 1699 502 1740; x_wconf 87' lang='lat' dir='ltr'>res</span> <span class='ocrx_word' id='word_1_110' title='bbox 531 1699 600 1741; x_wconf 90' lang='lat' dir='ltr'>esse</span> <span class='ocrx_word' id='word_1_111' title='bbox 629 1677 878 1760; x_wconf 80' lang='lat' dir='ltr'>existimaretur,</span> <span class='ocrx_word' id='word_1_112' title='bbox 909 1680 964 1743; x_wconf 89' lang='lat' dir='ltr'>sed</span> <span class='ocrx_word' id='word_1_113' title='bbox 993 1686 1025 1743; x_wconf 89' lang='lat' dir='ltr'>et</span> <span class='ocrx_word' id='word_1_114' title='bbox 1053 1682 1087 1744; x_wconf 91' lang='lat' dir='ltr'>in</span> 
     </span>
     <span class='ocr_line' id='line_1_16' title="bbox 65 1766 1086 1854; baseline 0.003 -24"><span class='ocrx_word' id='word_1_115' title='bbox 65 1768 189 1832; x_wconf 68' lang='lat' dir='ltr'>&#39;multis</span> <span class='ocrx_word' id='word_1_116' title='bbox 214 1766 329 1830; x_wconf 87' lang='lat' dir='ltr'>ceteris</span> <span class='ocrx_word' id='word_1_117' title='bbox 352 1767 462 1829; x_wconf 85' lang='lat' dir='ltr'>rebus:</span> <span class='ocrx_word' id='word_1_118' title='bbox 485 1787 561 1828; x_wconf 92' lang='lat' dir='ltr'>nam</span> <span class='ocrx_word' id='word_1_119' title='bbox 581 1769 613 1829; x_wconf 88' lang='lat' dir='ltr'>et</span> <span class='ocrx_word' id='word_1_120' title='bbox 632 1766 792 1850; x_wconf 80' lang='lat' dir='ltr'>legionem</span> <span class='ocrx_word' id='word_1_121' title='bbox 812 1767 952 1831; x_wconf 51' lang='lat' dir='ltr'>eandem¹</span> <span class='ocrx_word' id='word_1_122' title='bbox 964 1768 1086 1854; x_wconf 88' lang='lat' dir='ltr'>haberi,</span> 
     </span>
     <span class='ocr_line' id='line_1_17' title="bbox 78 1853 1086 1940; baseline 0.002 -21"><span class='ocrx_word' id='word_1_123' title='bbox 78 1879 117 1919; x_wconf 84' lang='lat' dir='ltr'>ex</span> <span class='ocrx_word' id='word_1_124' title='bbox 141 1879 203 1940; x_wconf 93' lang='lat' dir='ltr'>qua</span> <span class='ocrx_word' id='word_1_125' title='bbox 227 1854 322 1918; x_wconf 83' lang='lat' dir='ltr'>multi</span> <span class='ocrx_word' id='word_1_126' title='bbox 345 1853 567 1938; x_wconf 78' lang='lat' dir='ltr'>decessissent,</span> <span class='ocrx_word' id='word_1_127' title='bbox 592 1875 728 1937; x_wconf 87' lang='lat' dir='ltr'>quorum</span> <span class='ocrx_word' id='word_1_128' title='bbox 750 1856 784 1918; x_wconf 92' lang='lat' dir='ltr'>in</span> <span class='ocrx_word' id='word_1_129' title='bbox 807 1855 912 1919; x_wconf 88' lang='lat' dir='ltr'>locum</span> <span class='ocrx_word' id='word_1_130' title='bbox 936 1857 991 1921; x_wconf 88' lang='lat' dir='ltr'>alii</span> <span class='ocrx_word' id='word_1_131' title='bbox 1013 1859 1086 1921; x_wconf 90' lang='lat' dir='ltr'>sub-</span> 
     </span>
     <span class='ocr_line' id='line_1_18' title="bbox 78 1942 1140 2028; baseline 0.003 -21"><span class='ocrx_word' id='word_1_132' title='bbox 78 1946 153 2007; x_wconf 89' lang='lat' dir='ltr'>iecti</span> <span class='ocrx_word' id='word_1_133' title='bbox 174 1949 299 2021; x_wconf 85' lang='lat' dir='ltr'>essent,</span> <span class='ocrx_word' id='word_1_134' title='bbox 327 1947 360 2005; x_wconf 90' lang='lat' dir='ltr'>et</span> <span class='ocrx_word' id='word_1_135' title='bbox 385 1942 542 2027; x_wconf 89' lang='lat' dir='ltr'>populum</span> <span class='ocrx_word' id='word_1_136' title='bbox 565 1943 700 2006; x_wconf 87' lang='lat' dir='ltr'>eundem</span> <span class='ocrx_word' id='word_1_137' title='bbox 723 1942 785 2008; x_wconf 92' lang='lat' dir='ltr'>hoc</span> <span class='ocrx_word' id='word_1_138' title='bbox 808 1947 954 2027; x_wconf 89' lang='lat' dir='ltr'>tempore</span> <span class='ocrx_word' id='word_1_139' title='bbox 977 1948 1085 2028; x_wconf 89' lang='lat' dir='ltr'>putari</span> <span class='ocrx_word' id='word_1_140' title='bbox 1134 1957 1140 1974; x_wconf 90' lang='lat'>&#39;</span> 
     </span>
     <span class='ocr_line' id='line_1_19' title="bbox 79 2031 1085 2114; baseline 0.006 -21"><span class='ocrx_word' id='word_1_141' title='bbox 79 2033 134 2113; x_wconf 91' lang='lat' dir='ltr'>qui</span> <span class='ocrx_word' id='word_1_142' title='bbox 153 2032 275 2095; x_wconf 88' lang='lat' dir='ltr'>abhinc</span> <span class='ocrx_word' id='word_1_143' title='bbox 298 2034 429 2095; x_wconf 85' lang='lat' dir='ltr'>centum.</span> <span class='ocrx_word' id='word_1_144' title='bbox 451 2031 543 2095; x_wconf 86' lang='lat' dir='ltr'>annis</span> <span class='ocrx_word' id='word_1_145' title='bbox 567 2031 717 2114; x_wconf 84' lang='lat' dir='ltr'>fuissent,</span> <span class='ocrx_word' id='word_1_146' title='bbox 745 2053 817 2096; x_wconf 90' lang='lat' dir='ltr'>cum</span> <span class='ocrx_word' id='word_1_147' title='bbox 841 2033 966 2098; x_wconf 72' lang='lat' dir='ltr'>exiliis</span> <span class='ocrx_word' id='word_1_148' title='bbox 990 2056 1085 2100; x_wconf 89' lang='lat' dir='ltr'>nemo</span> 
     </span>
     <span class='ocr_line' id='line_1_20' title="bbox 77 2121 1085 2206; baseline 0.006 -24"><span class='ocrx_word' id='word_1_149' title='bbox 77 2141 163 2183; x_wconf 91' lang='lat' dir='ltr'>nunc</span> <span class='ocrx_word' id='word_1_150' title='bbox 190 2121 323 2204; x_wconf 86' lang='lat' dir='ltr'>viveret,</span> <span class='ocrx_word' id='word_1_151' title='bbox 349 2121 491 2203; x_wconf 85' lang='lat' dir='ltr'>itemque</span> <span class='ocrx_word' id='word_1_152' title='bbox 518 2141 647 2204; x_wconf 84' lang='lat' dir='ltr'>navem,</span> <span class='ocrx_word' id='word_1_153' title='bbox 675 2121 703 2184; x_wconf 85' lang='lat' dir='ltr'>si</span> <span class='ocrx_word' id='word_1_154' title='bbox 731 2121 810 2186; x_wconf 84' lang='lat' dir='ltr'>adeo</span> <span class='ocrx_word' id='word_1_155' title='bbox 840 2143 935 2206; x_wconf 84' lang='lat' dir='ltr'>saepe</span> <span class='ocrx_word' id='word_1_156' title='bbox 963 2122 1085 2188; x_wconf 86' lang='lat' dir='ltr'>refecta</span> 
     </span>
     <span class='ocr_line' id='line_1_21' title="bbox 79 2208 1085 2294; baseline 0.004 -22"><span class='ocrx_word' id='word_1_157' title='bbox 79 2213 177 2289; x_wconf 86' lang='lat' dir='ltr'>esset,</span> <span class='ocrx_word' id='word_1_158' title='bbox 205 2213 242 2271; x_wconf 90' lang='lat' dir='ltr'>ut</span> <span class='ocrx_word' id='word_1_159' title='bbox 268 2208 358 2272; x_wconf 88' lang='lat' dir='ltr'>nulla</span> <span class='ocrx_word' id='word_1_160' title='bbox 385 2209 498 2272; x_wconf 85' lang='lat' dir='ltr'>tabula</span> <span class='ocrx_word' id='word_1_161' title='bbox 528 2209 639 2287; x_wconf 82' lang='lat' dir='ltr'>eadem</span> <span class='ocrx_word' id='word_1_162' title='bbox 672 2214 875 2293; x_wconf 79' lang='lat' dir='ltr'>permaneret</span> <span class='ocrx_word' id='word_1_163' title='bbox 908 2231 989 2294; x_wconf 92' lang='lat' dir='ltr'>quae</span> <span class='ocrx_word' id='word_1_164' title='bbox 1020 2234 1085 2291; x_wconf 90' lang='lat' dir='ltr'>non</span> 
     </span>
     <span class='ocr_line' id='line_1_22' title="bbox 77 2297 1084 2379; baseline 0.005 -19"><span class='ocrx_word' id='word_1_165' title='bbox 77 2320 161 2362; x_wconf 90' lang='lat' dir='ltr'>nova</span> <span class='ocrx_word' id='word_1_166' title='bbox 184 2297 307 2379; x_wconf 89' lang='lat' dir='ltr'>fuisset,</span> <span class='ocrx_word' id='word_1_167' title='bbox 329 2297 432 2361; x_wconf 88' lang='lat' dir='ltr'>nihilo</span> <span class='ocrx_word' id='word_1_168' title='bbox 456 2299 562 2362; x_wconf 88' lang='lat' dir='ltr'>minus</span> <span class='ocrx_word' id='word_1_169' title='bbox 586 2298 719 2367; x_wconf 79' lang='lat' dir='ltr'>eandem</span> <span class='ocrx_word' id='word_1_170' title='bbox 745 2321 861 2364; x_wconf 84' lang='lat' dir='ltr'>navem</span> <span class='ocrx_word' id='word_1_171' title='bbox 884 2321 953 2363; x_wconf 89' lang='lat' dir='ltr'>esse</span> <span class='ocrx_word' id='word_1_172' title='bbox 977 2301 1084 2365; x_wconf 85' lang='lat' dir='ltr'>existi-</span> 
     </span>
     <span class='ocr_line' id='line_1_23' title="bbox 78 2385 1095 2471; baseline 0.004 -21"><span class='ocrx_word' id='word_1_173' title='bbox 78 2387 169 2450; x_wconf 90' lang='lat' dir='ltr'>mari.</span> <span class='ocrx_word' id='word_1_174' title='bbox 204 2385 289 2470; x_wconf 89' lang='lat' dir='ltr'>quod</span> <span class='ocrx_word' id='word_1_175' title='bbox 309 2387 337 2451; x_wconf 90' lang='lat' dir='ltr'>si</span> <span class='ocrx_word' id='word_1_176' title='bbox 355 2387 427 2469; x_wconf 90' lang='lat' dir='ltr'>quis</span> <span class='ocrx_word' id='word_1_177' title='bbox 445 2391 575 2470; x_wconf 84' lang='lat' dir='ltr'>putaret</span> <span class='ocrx_word' id='word_1_178' title='bbox 592 2388 738 2471; x_wconf 89' lang='lat' dir='ltr'>partibus</span> <span class='ocrx_word' id='word_1_179' title='bbox 758 2390 965 2453; x_wconf 88' lang='lat' dir='ltr'>commutatis</span> <span class='ocrx_word' id='word_1_180' title='bbox 986 2391 1095 2454; x_wconf 84' lang='lat' dir='ltr'>aliam&#39;</span> 
     </span>
     <span class='ocr_line' id='line_1_24' title="bbox 78 2475 1084 2560; baseline 0.005 -22"><span class='ocrx_word' id='word_1_181' title='bbox 78 2499 146 2538; x_wconf 88' lang='lat' dir='ltr'>rem</span> <span class='ocrx_word' id='word_1_182' title='bbox 173 2475 256 2553; x_wconf 89' lang='lat' dir='ltr'>fieri,</span> <span class='ocrx_word' id='word_1_183' title='bbox 284 2475 352 2539; x_wconf 90' lang='lat' dir='ltr'>fore</span> <span class='ocrx_word' id='word_1_184' title='bbox 377 2478 414 2540; x_wconf 87' lang='lat' dir='ltr'>ut</span> <span class='ocrx_word' id='word_1_185' title='bbox 437 2497 475 2539; x_wconf 86' lang='lat' dir='ltr'>ex</span> <span class='ocrx_word' id='word_1_186' title='bbox 498 2476 566 2540; x_wconf 90' lang='lat' dir='ltr'>eius</span> <span class='ocrx_word' id='word_1_187' title='bbox 590 2477 716 2540; x_wconf 80' lang='lat' dir='ltr'>ratione</span> <span class='ocrx_word' id='word_1_188' title='bbox 738 2499 798 2542; x_wconf 90' lang='lat' dir='ltr'>nos</span> <span class='ocrx_word' id='word_1_189' title='bbox 821 2476 884 2560; x_wconf 89' lang='lat' dir='ltr'>ipsi</span> <span class='ocrx_word' id='word_1_190' title='bbox 909 2499 975 2542; x_wconf 85' lang='lat' dir='ltr'>non</span> <span class='ocrx_word' id='word_1_191' title='bbox 998 2479 1084 2543; x_wconf 87' lang='lat' dir='ltr'>idem</span> 
     </span>
     <span class='ocr_line' id='line_1_25' title="bbox 77 2564 1141 2653; baseline 0.006 -26"><span class='ocrx_word' id='word_1_192' title='bbox 77 2587 220 2628; x_wconf 90' lang='lat' dir='ltr'>essemus</span> <span class='ocrx_word' id='word_1_193' title='bbox 249 2565 302 2648; x_wconf 94' lang='lat' dir='ltr'>qui</span> <span class='ocrx_word' id='word_1_194' title='bbox 332 2564 449 2629; x_wconf 80' lang='lat' dir='ltr'>abhinc</span> <span class='ocrx_word' id='word_1_195' title='bbox 473 2587 557 2629; x_wconf 90' lang='lat' dir='ltr'>anno</span> <span class='ocrx_word' id='word_1_196' title='bbox 580 2564 767 2648; x_wconf 85' lang='lat' dir='ltr'>fuissemus,</span> <span class='ocrx_word' id='word_1_197' title='bbox 794 2571 967 2649; x_wconf 86' lang='lat' dir='ltr'>propterea</span> <span class='ocrx_word' id='word_1_198' title='bbox 990 2569 1085 2653; x_wconf 91' lang='lat' dir='ltr'>quod,</span> <span class='ocrx_word' id='word_1_199' title='bbox 1139 2568 1141 2570; x_wconf 64' lang='grc'><strong>’</strong></span> 
     </span>
     <span class='ocr_line' id='line_1_26' title="bbox 78 2653 1083 2738; baseline 0.004 -22"><span class='ocrx_word' id='word_1_200' title='bbox 78 2658 114 2716; x_wconf 92' lang='lat' dir='ltr'>ut</span> <span class='ocrx_word' id='word_1_201' title='bbox 141 2653 328 2737; x_wconf 90' lang='lat' dir='ltr'>philosophi</span> <span class='ocrx_word' id='word_1_202' title='bbox 356 2653 510 2735; x_wconf 81' lang='lat' dir='ltr'>dicerent,</span> <span class='ocrx_word' id='word_1_203' title='bbox 538 2676 576 2717; x_wconf 87' lang='lat' dir='ltr'>ex</span> <span class='ocrx_word' id='word_1_204' title='bbox 605 2655 721 2738; x_wconf 89' lang='lat' dir='ltr'>quibus</span> <span class='ocrx_word' id='word_1_205' title='bbox 749 2656 917 2738; x_wconf 89' lang='lat' dir='ltr'>particulis</span> <span class='ocrx_word' id='word_1_206' title='bbox 942 2657 1083 2721; x_wconf 92' lang='lat' dir='ltr'>minimis</span> 
     </span>
     <span class='ocr_line' id='line_1_27' title="bbox 78 2741 1085 2828; baseline 0.004 -23"><span class='ocrx_word' id='word_1_207' title='bbox 78 2742 340 2824; x_wconf 89' lang='lat' dir='ltr'>consisteremus,</span> <span class='ocrx_word' id='word_1_208' title='bbox 365 2742 426 2805; x_wconf 87' lang='lat' dir='ltr'>hae</span> <span class='ocrx_word' id='word_1_209' title='bbox 450 2741 580 2806; x_wconf 88' lang='lat' dir='ltr'>cottidie</span> <span class='ocrx_word' id='word_1_210' title='bbox 604 2764 642 2806; x_wconf 86' lang='lat' dir='ltr'>ex</span> <span class='ocrx_word' id='word_1_211' title='bbox 664 2747 776 2807; x_wconf 90' lang='lat' dir='ltr'>nostro</span> <span class='ocrx_word' id='word_1_212' title='bbox 801 2765 932 2828; x_wconf 88' lang='lat' dir='ltr'>corpore</span> <span class='ocrx_word' id='word_1_213' title='bbox 956 2745 1085 2809; x_wconf 88' lang='lat' dir='ltr'>decede-</span> 
     </span>
     <span class='ocr_line' id='line_1_28' title="bbox 78 2831 1085 2915; baseline 0.003 -22"><span class='ocrx_word' id='word_1_214' title='bbox 78 2836 151 2894; x_wconf 90' lang='lat' dir='ltr'>rent</span> <span class='ocrx_word' id='word_1_215' title='bbox 179 2831 323 2915; x_wconf 87' lang='lat' dir='ltr'>aliaeque</span> <span class='ocrx_word' id='word_1_216' title='bbox 347 2832 546 2894; x_wconf 85' lang='lat' dir='ltr'>extrinsecus</span> <span class='ocrx_word' id='word_1_217' title='bbox 569 2832 603 2894; x_wconf 92' lang='lat' dir='ltr'>in</span> <span class='ocrx_word' id='word_1_218' title='bbox 627 2853 735 2895; x_wconf 91' lang='lat' dir='ltr'>earum</span> <span class='ocrx_word' id='word_1_219' title='bbox 759 2833 866 2896; x_wconf 91' lang='lat' dir='ltr'>locum</span> <span class='ocrx_word' id='word_1_220' title='bbox 889 2833 1085 2898; x_wconf 83' lang='lat' dir='ltr'>accederent.</span> 
     </span>
     <span class='ocr_line' id='line_1_29' title="bbox 64 2919 1086 3005; baseline 0.003 -22"><span class='ocrx_word' id='word_1_221' title='bbox 64 2926 275 3004; x_wconf 79' lang='lat' dir='ltr'>‘quapropter</span> <span class='ocrx_word' id='word_1_222' title='bbox 302 2919 391 2995; x_wconf 88' lang='lat' dir='ltr'>cuius</span> <span class='ocrx_word' id='word_1_223' title='bbox 419 2919 466 2982; x_wconf 92' lang='lat' dir='ltr'>rei</span> <span class='ocrx_word' id='word_1_224' title='bbox 494 2919 616 3003; x_wconf 88' lang='lat' dir='ltr'>species</span> <span class='ocrx_word' id='word_1_225' title='bbox 646 2919 755 2985; x_wconf 90' lang='lat' dir='ltr'>eadem</span> <span class='ocrx_word' id='word_1_226' title='bbox 785 2921 988 3005; x_wconf 88' lang='lat' dir='ltr'>consisteret,</span> <span class='ocrx_word' id='word_1_227' title='bbox 1016 2943 1086 2986; x_wconf 88' lang='lat' dir='ltr'>rem</span> 
     </span>
     <span class='ocr_line' id='line_1_30' title="bbox 78 3008 666 3093; baseline 0 -22"><span class='ocrx_word' id='word_1_228' title='bbox 78 3031 203 3093; x_wconf 89' lang='lat' dir='ltr'>quoque</span> <span class='ocrx_word' id='word_1_229' title='bbox 227 3008 360 3072; x_wconf 89' lang='lat' dir='ltr'>eandem</span> <span class='ocrx_word' id='word_1_230' title='bbox 385 3029 455 3071; x_wconf 90' lang='lat' dir='ltr'>esse</span> <span class='ocrx_word' id='word_1_231' title='bbox 479 3008 666 3072; x_wconf 86' lang='lat' dir='ltr'>existimari.</span> 
     </span>
    </p>
   </div>
   <div class='ocr_carea' id='block_1_7' title="bbox 167 3103 1129 3196">
    <p class='ocr_par' dir='ltr' id='par_1_7' title="bbox 167 3103 1129 3196">
     <span class='ocr_line' id='line_1_31' title="bbox 167 3103 1129 3196; baseline 0.001 -19"><span class='ocrx_word' id='word_1_232' title='bbox 167 3115 219 3179; x_wconf 78' lang='lat'>96.</span> <span class='ocrx_word' id='word_1_233' title='bbox 246 3113 284 3178; x_wconf 91' lang='lat' dir='ltr'>D.</span> <span class='ocrx_word' id='word_1_234' title='bbox 303 3115 359 3194; x_wconf 75' lang='lat'>42,</span> <span class='ocrx_word' id='word_1_235' title='bbox 382 3116 413 3196; x_wconf 86' lang='lat'>1,</span> <span class='ocrx_word' id='word_1_236' title='bbox 433 3113 483 3179; x_wconf 76' lang='lat'>62.</span> <span class='ocrx_word' id='word_1_237' title='bbox 520 3113 656 3179; x_wconf 87' lang='lat' dir='ltr'>Alfenus</span> <span class='ocrx_word' id='word_1_238' title='bbox 680 3112 785 3178; x_wconf 88' lang='lat' dir='ltr'>Varus</span> <span class='ocrx_word' id='word_1_239' title='bbox 808 3116 892 3179; x_wconf 90' lang='lat' dir='ltr'>libro</span> <span class='ocrx_word' id='word_1_240' title='bbox 916 3119 1006 3180; x_wconf 83' lang='lat' dir='ltr'>sexto</span> <span class='ocrx_word' id='word_1_241' title='bbox 1030 3115 1087 3179; x_wconf 91' lang='lat' dir='ltr'>Di·</span> <span class='ocrx_word' id='word_1_242' title='bbox 1127 3103 1129 3112; x_wconf 48' lang='lat'>¹</span> 
     </span>
    </p>
   </div>
   <div class='ocr_carea' id='block_1_8' title="bbox 76 3200 1085 3465">
    <p class='ocr_par' dir='ltr' id='par_1_8' title="bbox 76 3200 1085 3465">
     <span class='ocr_line' id='line_1_32' title="bbox 77 3200 1085 3290; baseline 0.002 -24"><span class='ocrx_word' id='word_1_243' title='bbox 77 3208 243 3287; x_wconf 83' lang='lat' dir='ltr'>gestorum</span> <span class='ocrx_word' id='word_1_244' title='bbox 268 3226 287 3267; x_wconf 88' lang='lat' dir='ltr'>a</span> <span class='ocrx_word' id='word_1_245' title='bbox 311 3203 411 3268; x_wconf 90' lang='lat' dir='ltr'>Paulo</span> <span class='ocrx_word' id='word_1_246' title='bbox 436 3203 649 3287; x_wconf 89' lang='lat' dir='ltr'>epitomarum</span> <span class='ocrx_word' id='word_1_247' title='bbox 673 3200 722 3290; x_wconf 81' lang='lat' dir='ltr'>(P.</span> <span class='ocrx_word' id='word_1_248' title='bbox 739 3201 802 3289; x_wconf 78' lang='lat'>72).</span> <span class='ocrx_word' id='word_1_249' title='bbox 849 3201 930 3268; x_wconf 80' lang='lat' dir='ltr'>Oum&#39;</span> <span class='ocrx_word' id='word_1_250' title='bbox 955 3227 1085 3289; x_wconf 90' lang='lat' dir='ltr'>quaere-</span> 
     </span>
     <span class='ocr_line' id='line_1_33' title="bbox 76 3292 1084 3376; baseline 0.003 -21"><span class='ocrx_word' id='word_1_251' title='bbox 76 3293 174 3355; x_wconf 89' lang='lat' dir='ltr'>batur</span> <span class='ocrx_word' id='word_1_252' title='bbox 197 3293 300 3374; x_wconf 86' lang='lat' dir='ltr'>iudex,</span> <span class='ocrx_word' id='word_1_253' title='bbox 325 3293 351 3356; x_wconf 92' lang='lat' dir='ltr'>si</span> <span class='ocrx_word' id='word_1_254' title='bbox 375 3313 542 3376; x_wconf 87' lang='lat' dir='ltr'>perperam</span> <span class='ocrx_word' id='word_1_255' title='bbox 565 3292 751 3373; x_wconf 85' lang='lat' dir='ltr'>iudicasset,</span> <span class='ocrx_word' id='word_1_256' title='bbox 776 3314 817 3355; x_wconf 88' lang='lat' dir='ltr'>an</span> <span class='ocrx_word' id='word_1_257' title='bbox 840 3296 950 3376; x_wconf 90' lang='lat' dir='ltr'>posset</span> <span class='ocrx_word' id='word_1_258' title='bbox 973 3293 1084 3358; x_wconf 90' lang='lat' dir='ltr'>eodem</span> 
     </span>
     <span class='ocr_line' id='line_1_34' title="bbox 78 3380 850 3465; baseline 0.006 -23"><span class='ocrx_word' id='word_1_259' title='bbox 78 3381 128 3443; x_wconf 92' lang='lat' dir='ltr'>die</span> <span class='ocrx_word' id='word_1_260' title='bbox 152 3382 269 3444; x_wconf 91' lang='lat' dir='ltr'>iterum</span> <span class='ocrx_word' id='word_1_261' title='bbox 293 3380 447 3464; x_wconf 86' lang='lat' dir='ltr'>iudicare,</span> <span class='ocrx_word' id='word_1_262' title='bbox 470 3380 637 3464; x_wconf 89' lang='lat' dir='ltr'>respondit</span> <span class='ocrx_word' id='word_1_263' title='bbox 659 3403 724 3444; x_wconf 92' lang='lat' dir='ltr'>non</span> <span class='ocrx_word' id='word_1_264' title='bbox 747 3403 850 3465; x_wconf 86' lang='lat' dir='ltr'>posse.</span> 
     </span>
    </p>
   </div>
   <div class='ocr_carea' id='block_1_9' title="bbox 129 3509 905 3664">
    <p class='ocr_par' dir='ltr' id='par_1_9' title="bbox 129 3509 905 3664">
     <span class='ocr_line' id='line_1_35' title="bbox 167 3509 584 3586; baseline 0.01 -20"><span class='ocrx_word' id='word_1_265' title='bbox 167 3510 203 3567; x_wconf 85' lang='lat' dir='ltr'>cf.</span> <span class='ocrx_word' id='word_1_266' title='bbox 227 3509 323 3569; x_wconf 84' lang='lat' dir='ltr'>Servii</span> <span class='ocrx_word' id='word_1_267' title='bbox 344 3527 487 3586; x_wconf 83' lang='lat' dir='ltr'>responsa</span> <span class='ocrx_word' id='word_1_268' title='bbox 513 3513 584 3570; x_wconf 78' lang='lat'>142.</span> 
     </span>
     <span class='ocr_line' id='line_1_36' title="bbox 129 3611 905 3664; baseline 0.012 -10"><span class='ocrx_word' id='word_1_269' title='bbox 129 3617 224 3664; x_wconf 78' lang='lat' dir='ltr'>Inrispr.</span> <span class='ocrx_word' id='word_1_270' title='bbox 238 3618 356 3660; x_wconf 78' lang='lat' dir='ltr'>antehadr,</span> <span class='ocrx_word' id='word_1_271' title='bbox 371 3620 422 3662; x_wconf 86' lang='lat' dir='ltr'>relL</span> <span class='ocrx_word' id='word_1_272' title='bbox 437 3620 472 3662; x_wconf 88' lang='lat' dir='ltr'>ed.</span> <span class='ocrx_word' id='word_1_273' title='bbox 486 3621 593 3664; x_wconf 85' lang='lat' dir='ltr'>Bremer.</span> <span class='ocrx_word' id='word_1_274' title='bbox 808 3641 811 3647; x_wconf 95' lang='lat'>·</span> <span class='ocrx_word' id='word_1_275' title='bbox 861 3611 905 3656; x_wconf 69' lang='grc' dir='ltr'>Ἃ</span> 
     </span>
    </p>
   </div>
   <div class='ocr_carea' id='block_1_10' title="bbox 0 0 1216 3840">
    <p class='ocr_par' dir='ltr' id='par_1_10' title="bbox 0 0 1216 3840">
     <span class='ocr_line' id='line_1_37' title="bbox 0 0 1216 3840; baseline 0 1"><span class='ocrx_word' id='word_1_276' title='bbox 0 0 1216 3840; x_wconf 95' lang='lat' dir='ltr'> </span> 
     </span>
    </p>
   </div>
  </div>
 </body>
</html>
