2422 3840
170 238 175 246 ,
299 174 325 225 8.
352 166 509 243 11111111184
521 166 703 224 SULPICIUS
723 167 840 223 RUFUS
1011 166 1074 232 185

332 337 380 396 De
401 338 529 396 1111111111
549 341 713 396 testamento
736 338 813 395 dato.

162 446 210 512 55.
237 446 278 512 D.
291 447 344 529 40,
358 447 390 530 4,
404 446 455 512 35.
486 445 605 510 Paulus
624 446 709 510 libro
729 446 1017 531 quinquagensimo
1036 447 1075 509 ad

94 534 211 600 edietum
230 533 281 622 (P.
296 532 386 622 641).
423 534 552 600 Servius
576 535 784 599 existimabat
801 535 841 598 iis
860 555 955 618 posse
975 535 1076 599 servis

94 622 147 688 dari
167 629 360 690 testamento
379 625 533 688 directam
552 623 745 707 libertatem,
770 624 824 706 qui
843 630 980 707 utroque
999 629 1076 686 tem-

94 732 162 797 pore,
178 717 209 777 et
228 736 291 798 quo
309 717 540 778 testamentum
559 713 597 776 fit
616 717 648 777 et
667 735 730 796 quo
748 713 893 794 moritur,
911 711 1077 776 testatoris

94 797 139 880 <ex
156 802 221 867 iure
244 800 441 885 Quiritium>
462 801 602 866 fuerunt.

163 905 196 964 cf.
220 903 284 965 Gai.
305 907 338 980 2,
362 906 425 964 267
455 951 484 964 ..
507 923 562 963 neo
585 904 662 963 alius
685 904 767 962 ullus
791 903 903 963 directo
928 922 963 962 111
986 905 1078 962 testa-

96 995 175 1054 mento
196 993 369 1053 libertatem
390 993 499 1052 habere
522 994 636 1069 potest,
662 1012 752 1068 quam
776 993 828 1068 qui
850 995 978 1068 utroque
1002 997 1075 1051 tem-

37 1122 39 1165 ,
95 1096 150 1152 pore
172 1081 325 1143 testatoris
353 1101 388 1142 ex
414 1081 480 1140 iure
504 1081 666 1151 Quiritium
695 1081 800 1159 suerit,
831 1085 862 1140 et
884 1101 943 1156 quo
967 1082 1079 1140 faceret

96 1168 286 1231 testamentum
309 1174 340 1230 et
363 1188 420 1247 quo
443 1172 619 1230 moreretur.

163 1271 212 1337 56.
243 1271 284 1336 D.
306 1271 364 1349 40,
389 1272 418 1354 7,
443 1271 493 1336 14.
540 1272 674 1335 Alfenus
706 1269 813 1334 Varus
845 1271 928 1335 libro
962 1274 1077 1355 quarto

95 1353 280 1442 Digestorum
290 1359 339 1444 (P.
351 1360 415 1442 18).
439 1357 565 1443 Servus,
581 1359 636 1444 qui
648 1363 845 1423 testamento
861 1359 991 1441 domini,
1006 1382 1077 1424 oum

43 1524 49 1537 ι
95 1441 182 1513 decem
207 1448 317 1514 heredi
345 1448 498 1526 dedisset,
525 1449 608 1512 liber
635 1469 705 1512 esse
728 1448 835 1512 iussus
859 1452 941 1532 erat,
969 1448 1079 1513 heredi

94 1538 249 1602 mercedem
282 1537 401 1602 referre
433 1558 492 1621 pro
525 1536 631 1620 operis
665 1537 732 1602 suis
766 1538 905 1602 solebat:
938 1559 1010 1602 cum
1041 1559 1078 1601 ex

94 1627 216 1692 mercede
230 1627 323 1691 heres
337 1626 477 1710 emplius
491 1626 600 1690 decem
615 1628 798 1709 recepisset,
817 1648 926 1691 servus
943 1626 1079 1690 liberum

94 1706 154 1796 <se>
181 1736 250 1780 esse
283 1714 403 1779 aiebat:
436 1714 475 1779 de
502 1736 541 1778 ea
567 1736 601 1778 11
629 1715 863 1779 consulebatur.
914 1715 1080 1800 respondit

49 1808 52 1815 '
93 1817 143 1867 nou
161 1804 261 1870 videri
284 1804 423 1868 liberum
448 1824 530 1868 esse:
558 1803 732 1868 nonenim
755 1824 814 1884 pro
839 1804 1001 1888 libertate,
1025 1805 1079 1868 sed

92 1906 137 1968 pro
162 1893 267 1976 operis
296 1914 366 1957 eam
390 1893 559 1976 pecuniam
584 1891 709 1955 dedisse
733 1912 791 1955 nec
814 1891 918 1975 magis
942 1893 984 1955 ob
1009 1914 1079 1956 eam

91 1994 143 2043 rem
171 1982 309 2046 liberum
342 2002 425 2062 esse,
458 2002 555 2064 quam
583 1980 611 2044 si
637 1979 772 2043 fundum
801 2001 820 2042 1
848 1979 977 2044 domino
1005 2001 1079 2044 con·

90 2063 217 2135 duxisset
239 2073 273 2134 et
294 2090 355 2154 pro
379 2069 485 2133 fructu
510 2069 601 2133 fundi
624 2069 794 2152 pecuniam
818 2067 967 2133 dedisset.

160 2180 561 2258 1111111.1(1Β1111.48,5,15
579 2179 715 2240 Servium
730 2179 958 2253 respondentem
968 2180 1081 2239 laudat.

160 2282 212 2348 57.
244 2281 284 2346 D.
303 2282 356 2365 40,
375 2284 404 2365 7,
424 2283 474 2364 14,
495 2284 522 2345 1.
566 2281 702 2347 Alfenus
730 2282 814 2346 libro
842 2285 958 2365 quarto
981 2280 1078 2364 Dige-

85 2372 196 2436 storum
221 2366 271 2458 (P.
292 2363 373 2454 18).Ι
403 2370 519 2435 Servus
548 2392 620 2435 eum
643 2370 753 2435 heredi
779 2392 934 2435 annorum
958 2371 1080 2454 septem

84 2478 186 2544 operas
206 2459 362 2539 dedisset,
373 2459 456 2523 liber
474 2480 543 2523 esse
561 2458 668 2524 iussus
684 2463 765 2524 erat:
784 2461 812 2524 is
828 2481 938 2523 sersus
953 2458 1081 2542 fugerat

82 2553 107 2611 et
128 2570 248 2614 annum
269 2549 305 2611 in
325 2548 402 2633 fuga
420 2547 550 2612 fecerat.
586 2569 658 2611 cum
678 2554 800 2631 septem
820 2548 894 2612 anni
913 2547 1081 2630 praeteris-

81 2641 154 2716 sent,
177 2635 347 2720 respondit
369 2658 436 2701 non
458 2658 528 2700 esse
546 2637 695 2701 liberum:
718 2660 784 2701 non
804 2637 890 2700 enim
909 2635 1081 2720 fugitivum

80 2747 187 2810 operas
213 2725 342 2789 domino
367 2725 519 2805 dedisse[:
543 2747 641 2809 quare
664 2726 728 2789 nisi
749 2726 884 2790 totidem
904 2726 979 2808 dies,
1004 2729 1082 2809 quot

79 2815 222 2896 afuisset,
254 2813 420 2895 servisset,
452 2835 517 2877 non
544 2814 612 2878 fore
640 2815 787 2879 liberum.
838 2815 892 2878 sed
921 2818 953 2877 et
980 2815 1008 2877 11
1036 2813 1082 2877 111

78 2905 351 2989 scriptumesset,
373 2906 411 2966 ut
433 2907 502 2966 tum
525 2902 608 2966 liber
631 2908 724 2987 esset,
748 2924 818 2965 cum
843 2907 966 2986 septem
990 2902 1082 2966 annis

78 2993 242 3074 servisset,
269 2993 414 3074 potuisse
442 2991 580 3054 liberum
608 3012 690 3074 esse,
714 2992 742 3054 si
765 2996 892 3073 tempus
916 2991 1012 3075 fugae
1035 3011 1082 3053 re-

75 3103 181 3148 versus
206 3079 380 3161 servisset}

162 3169 216 3235 58.
239 3166 279 3232 D.
293 3169 346 3251 40,
360 3169 391 3251 4,
405 3168 457 3233 48.
489 3167 579 3231 Idem
602 3164 828 3254 (Papinianus)
853 3166 936 3230 libro
960 3164 1082 3230 decimo

77 3259 309 3337 Quaestionum
324 3254 371 3341 (P.
390 3253 474 3343 116).
508 3255 542 3320 Si
561 3257 667 3321 socius
686 3259 881 3320 testamento
899 3254 1081 3318 libertatem

78 3349 122 3414 ita
146 3346 285 3411 dederit:
318 3344 535 3429 ‘Pamphilus
564 3345 591 3408 si
618 3367 690 3409 eum
719 3344 823 3408 socius
850 3342 1082 3424 manumiserit,

76 3438 158 3503 liber
177 3434 269 3518 esto',
293 3431 423 3498 Servius
442 3434 608 3518 respondit
628 3434 713 3498 socio
732 3433 978 3496 manumittente
998 3451 1083 3495 com·
1168 3447 1171 3451 ’

76 3546 205 3592 munem
227 3523 300 3588 fieri
322 3523 475 3587 libertum
499 3523 642 3589 familiae
667 3526 764 3611 atque
786 3520 1049 3588 manumissoris.
