2422 3840
398 165 421 213 1.
445 120 475 212 r.
490 157 657 212 ansanus
676 156 795 212 vanus
1037 155 1101 220 323

94 343 173 405 ram,
197 320 273 404 quid
297 325 382 385 esset
405 321 476 385 ‘suo
499 342 559 384 usu
578 318 712 384 ducere'.
750 320 849 404 igitur
869 320 978 404 quaeri
999 322 1101 385 solere

93 413 211 492 utrum,
234 410 290 472 ubi
313 410 448 494 quisque
470 408 633 472 habitaret
657 409 722 473 sive
746 409 781 472 in
797 409 964 492 provincia
982 409 1048 474 sive
1067 410 1102 474 in

92 497 204 579 Italia,
238 519 277 560 an
311 497 478 562 dumtaxat
508 497 544 560 in
577 519 634 561 sua
661 499 815 580 cuiusque
847 498 954 581 patria
987 497 1100 562 domus

93 607 163 650 esse
187 590 272 650 recte
296 587 428 651 dicetur.
465 586 520 649 sed
544 585 581 649 de
601 607 639 649 ea
657 607 693 649 re
712 586 922 650 constitutum
940 607 1010 650 esse
1030 609 1101 651 eam

92 675 223 738 domum
242 674 411 759 unicuique
429 679 578 739 nostrum
597 673 712 738 debere
731 675 920 753 existimari,
938 675 993 738 ubi
1013 675 1100 759 quis·
1133 674 1136 678 ’

93 786 153 846 que
182 764 272 828 sedes
301 768 333 827 et
359 764 486 827 tabulas
513 762 649 828 haberet
674 784 867 847 suarumque
895 785 1001 827 rerum
1025 785 1101 828 con-

91 852 292 917 stitutionem
334 853 472 916 fecisset.
531 852 607 936 quid
645 854 752 916 autem
789 855 875 917 esset
911 851 984 916 ‘usu
1022 852 1102 934 suo’,

91 961 243 1024 magnam
270 941 422 1006 habuisse
455 939 697 1005 dubitationem.
745 945 778 1005 et
806 939 914 1024 <penu
945 942 994 1006 sui
1023 964 1100 1006 usus

90 1051 187 1093 causa
215 1033 350 1113 parata>
379 1029 483 1114 magis
510 1030 651 1114 placere,
680 1029 766 1114 quod
794 1029 897 1093 victus
925 1031 975 1094 sui
1004 1052 1100 1095 causa

89 1123 239 1201 paratum
272 1124 333 1202 est,
371 1121 498 1182 tantum
535 1119 703 1183 contineri.
755 1118 896 1202 itemque
928 1119 967 1182 de
1000 1119 1099 1184 serris

91 1207 201 1270 eadem
224 1207 349 1272 ratione
368 1206 489 1293 quaeri,
512 1208 566 1291 qui
585 1229 695 1271 eornm
713 1228 790 1270 usus
810 1207 860 1270 sui
879 1229 976 1272 causa
995 1209 1100 1292 parati

89 1299 210 1377 essent,
232 1301 340 1360 utrum
364 1297 611 1381 dispensatores,
634 1295 789 1378 insularii,
811 1295 910 1379 vilici,
935 1296 1100 1380 atrienses,

92 1388 231 1448 textores
264 1384 427 1467 (tantum,
460 1385 524 1468 an>
557 1385 694 1468 operarii
728 1406 854 1469 quoque
885 1387 1012 1470 rustici,
1045 1387 1099 1469 qui

92 1493 244 1556 agrorum
281 1474 486 1538 colendorum
526 1495 622 1537 eausa
661 1472 869 1556 haberentur,
906 1496 944 1538 ex
981 1475 1098 1561 quibus

91 1563 177 1645 agris
200 1565 298 1645 pater
325 1562 466 1626 familias
494 1562 617 1625 fructus
645 1565 785 1646 caperet,
814 1563 928 1644 quibus
956 1586 991 1628 se
1016 1566 1098 1629 tole-

90 1655 177 1713 raret
205 1648 253 1736 (se
284 1673 421 1736 suosque
451 1646 604 1735 alerett),
635 1671 745 1714 omnes
778 1650 915 1735 denique
950 1653 1098 1735 [servos],

92 1761 172 1822 quos
201 1740 335 1823 quisque
360 1739 502 1822 emisset,
529 1741 567 1802 ut
594 1739 663 1822 ipse
690 1739 826 1803 haberet
854 1742 964 1824 [atque
988 1743 1033 1806 eis
1057 1743 1098 1806 ad

91 1828 233 1911 aliquam
261 1850 327 1891 rem
356 1828 529 1909 uteretur],
558 1848 662 1911 neque
689 1826 761 1892 ideo
791 1828 935 1912 emisset,
963 1833 999 1894 ut
1023 1853 1097 1895 ren·

90 1916 187 1980 deret,
246 1920 279 1979 et
315 1917 378 1980 sibi
397 1916 514 1995 ,videri
551 1937 605 1980 eos
638 1915 766 1979 demum
798 1939 875 1981 usus
912 1918 963 1981 sui
1000 1940 1097 1984 causa

89 2009 215 2086 patrem
242 2004 383 2068 familias
411 2004 544 2086 habere,
571 2003 624 2087 qui
648 2005 779 2068 adeius
804 2026 918 2091 corpus
942 2008 1097 2072 tuendum

91 2097 186 2174 atque
205 2091 307 2176 ipsius
327 2091 450 2157 cultum
468 2093 645 2176 praepositi
664 2093 878 2178 destinatique
898 2099 1014 2177 essent,
1034 2118 1096 2178 quo

89 2180 123 2242 in
146 2200 264 2263 genere
288 2182 494 2264 [i]unctores,
520 2181 721 2264 cubicularii,
749 2183 829 2264 coci,
858 2183 1095 2260 ministratores

89 2274 185 2352 atque
210 2271 273 2352 alii,
297 2271 351 2354 qui
375 2271 414 2334 ad
438 2270 594 2335 eiusmodi
616 2292 710 2334 usum
734 2272 840 2354 parati
860 2277 970 2336 essent
986 2295 1096 2337 nume-

87 2362 243 2421 rarentur.
340 2374 342 2377 ·

177 2453 213 2510 cf.
238 2451 334 2510 Servii
356 2471 498 2530 responsa
523 2455 594 2512 143.
909 2517 935 2523 Ἴ,
1183 2495 1185 2499 ⁷

178 2536 250 2600 101.
278 2535 317 2600 D.
335 2536 390 2616 39,
408 2538 443 2614 4,
465 2536 514 2601 15.
555 2536 691 2600 Alfenus
714 2534 821 2601 Varus
846 2537 930 2602 libro
955 2541 1111 2623 septima

87 2623 293 2708 Digestorum
318 2624 366 2708 (P.
386 2622 452 2710 28).
504 2623 624 2690 Caesar
652 2647 724 2690 cum
752 2626 877 2690 insulae
905 2625 1019 2692 Cretae
1045 2651 1095 2694 co-

86 2714 187 2776 torias
221 2713 354 2795 locaret,
386 2715 491 2798 legem
523 2714 571 2778 ita
604 2713 743 2778 dixerat:
780 2713 831 2784 ‘ne
864 2716 935 2799 quis
953 2720 1095 2800 'praeter

85 2801 321 2885 redemptorem
344 2807 418 2885 post
440 2802 511 2866 idus
536 2801 671 2866 Martias
690 2806 794 2866 cotem
814 2825 852 2867 ex
870 2805 978 2870 insula
997 2804 1094 2870 Creta

85 2889 186 2955 fodito
220 2912 298 2954 neve
319 2891 461 2955 <eximito
492 2912 572 2954 neve
602 2890 752 2956 avehito'.
803 2892 969 2958 cniusdam
1001 2896 1093 2959 naris

86 2983 202 3042 onusta
239 2979 364 3044 cotibus
397 2987 470 3044 ante
503 2979 574 3043 idus
606 2977 743 3043 Martias
777 3001 815 3043 ex
846 2986 943 3065 portu
977 2979 1093 3047 Cretae

84 3068 229 3150 profecta
256 3072 352 3133 vento
381 3069 482 3132 relata
506 3068 542 3132 in
563 3072 694 3152 portum
723 3072 804 3151 erat,
832 3070 945 3134 deinde
974 3071 1092 3135 iterum

85 3160 160 3239 post
186 3156 258 3220 idus
286 3155 422 3221 Martias
449 3157 595 3241 profecta
624 3161 701 3221 erat.
748 3158 989 3241 consulebatur,
1015 3181 1092 3223 num

85 3250 199 3309 contra
222 3246 326 3330 legem
348 3249 425 3328 post
446 3245 517 3309 idus
537 3244 672 3310 Martias
696 3268 735 3309 ex
757 3246 864 3310 insula
881 3245 979 3312 Creta
1003 3251 1092 3314 cotes

84 3334 187 3397 exisse
215 3334 408 3398 viderentur.
454 3333 634 3417 respondit,
660 3335 791 3398 tametsi
818 3339 1107 3421 portus'quoqne,

85 3423 139 3505 qui
163 3422 288 3486 insulae
306 3426 423 3504 essent,
447 3444 558 3487 omnes
578 3421 647 3487 eius
666 3423 790 3488 insulae
810 3446 879 3488 esse
898 3424 1092 3509 riderentur,

84 3514 195 3574 tamen
219 3532 300 3593 eum,
323 3513 376 3595 qni
401 3516 475 3576 ante
498 3512 568 3575 idus
587 3511 722 3583 Martias
746 3512 915 3596 profectus
936 3535 984 3575 ex
997 3519 1112 3591 quatu

841 3615 902 3668 ‘N‘
