2422 3840
93 136 154 198 146
190 135 237 189 Vl.
262 133 392 190 OCTAVl
413 134 624 190 senuimus
645 135 817 191 consum.
835 135 1099 193 SEltlllS-PRIMA

92 304 195 378 uisset,
214 307 344 379 quatuor
361 304 510 362 furtorum
527 323 637 379 genera
655 305 763 363 statuit
777 298 895 385 (uass,
908 298 997 382 183).
1027 308 1102 366 iuris

94 391 189 452 civilis
213 396 376 468 systemate
401 411 418 450 a
436 391 469 462 Q.
483 392 583 451 Mucio
606 393 730 452 fundato
749 392 871 454 Seruius
889 395 1008 469 primns
1027 395 1102 455 artis

93 481 264 540 dialecticae
292 480 403 539 auxilio
431 481 619 555 quaestiones
647 481 682 539 de
709 481 774 540 iure
801 483 972 557 propositas
997 484 1100 543 dissol-

91 589 160 631 vere
185 569 310 628 studuit.
939 640 942 646 Ι

180 659 239 717 Res
266 658 302 716 de
331 658 438 733 quibus
462 657 583 717 Servius
611 658 773 717 sententias
800 659 884 735 tulit,
912 679 974 719 non
1004 662 1098 721 solnm

92 748 149 806 hae
173 749 255 806 snut:
279 746 390 805 fundus
414 747 462 805 vel
485 765 557 824 ager
576 747 748 817 communis,
771 747 837 823 agri
855 747 1098 826 instrumentum,

92 853 188 913 aquae
206 835 289 893 rivus
307 839 445 893 terrenus
460 838 491 893 et
504 835 703 908 cementicius,
724 836 808 894 vinea
822 840 852 894 et
866 836 973 896 vineae
987 837 1097 897 instru-

92 929 236 994 mentum,
259 923 347 982 aedes
370 927 401 982 et
423 923 563 1000 aedilicia,
586 923 698 1000 tegula,
720 926 888 998 protectum
911 929 942 984 et
960 928 1098 1005 pergula,

93 1014 200 1090 paries,
220 1011 348 1071 servitus
367 1014 463 1070 oneris
482 1011 605 1088 ferendi,
624 1031 729 1070 aurum
750 1015 780 1070 et
798 1016 956 1089 argentum
976 1015 1098 1094 factum,

93 1106 203 1176 statua,
227 1100 279 1159 scd
297 1100 388 1158 etiam
405 1100 505 1159 insula
524 1103 554 1159 et
571 1100 743 1177 insulanus,
765 1101 939 1178 inquilinus,
962 1104 1100 1180 taberna,

93 1208 240 1265 caupona,
272 1188 445 1265 pistrinum,
475 1190 614 1264 pistores,
641 1194 830 1264 procurator,
857 1189 993 1269 inst'tor,
1021 1194 1097 1252 ratio

94 1280 253 1355 dominica,
276 1278 401 1349 focaria,
428 1277 574 1352 caballus,
597 1294 724 1354 merces,
746 1282 949 1355 unguentum,
977 1281 1098 1340 chartae

94 1368 284 1443 epistulares,
307 1365 404 1440 lapilli
428 1371 458 1423 et
480 1384 627 1442 gemmae,
650 1367 748 1442 navis,
771 1370 919 1443 vectores,
942 1367 1046 1443 pirati.

182 1456 265 1512 Inter
283 1454 406 1530 negotia
423 1455 613 1513 nominantur
627 1455 755 1530 exempli
774 1473 864 1513 cansa
882 1455 969 1516 haec:
990 1458 1101 1517 saltum

94 1562 238 1619 pascuum
270 1542 389 1616 locasti,
420 1544 452 1600 in
481 1561 538 1617 qno
566 1543 659 1601 herba
685 1544 765 1601 mala
793 1544 983 1622 nascebatur,
1017 1550 1101 1606 tutor
1127 1588 1130 1594 -

95 1651 130 1691 ex
158 1631 267 1707 pnpilli
294 1630 430 1690 auctione
458 1649 521 1689 rem
548 1631 633 1706 emit;
662 1649 748 1690 servo
776 1636 874 1706 empto
903 1632 975 1693 dens
1003 1635 1102 1712 deeet3

93 1721 194 1780 insula
217 1719 370 1778 aversione
393 1720 521 1795 locatur,
545 1719 679 1778 aedificio
703 1721 751 1779 vel
769 1721 919 1780 frumento
939 1724 1101 1783 coemendo

93 1809 200 1886 aliquis
218 1808 427 1884 praeponitur,
450 1827 601 1883 purpurae
623 1809 654 1866 in
675 1809 746 1867 Asia
763 1827 818 1883 per
835 1809 979 1868 libertum
997 1830 1101 1871 emun-

94 1901 158 1974 tur;
180 1897 353 1956 mandatum
378 1897 433 1955 tibi
458 1896 560 1973 datur,
583 1900 618 1956 ut
639 1897 717 1954 Titio
740 1898 897 1973 pecuniam
920 1900 1101 1960 foenerares.

182 1986 227 2044 De
244 1986 396 2044 nonnullis
413 1986 504 2043 rebus
523 1985 727 2062 dubitabatur,
744 1992 849 2044 utrum
865 1989 986 2061 penoris
1001 1996 1103 2050 essent

95 2093 198 2152 necne,
230 2074 366 2150 inprimis
399 2073 434 2132 de
466 2079 533 2132 ture
564 2077 594 2132 et
622 2074 726 2146 cereis,
759 2074 795 2132 de
822 2079 976 2150 unguento
1004 2077 1038 2136 et
1067 2079 1102 2137 de

94 2163 205 2222 chartis
237 2163 459 2239 epistularibus.
509 2181 527 2220 a
557 2180 590 2220 re
620 2181 679 2221 non
707 2162 837 2220 alienum
867 2167 913 2222 est
944 2164 1001 2224 hoc
1035 2167 1101 2227 loco

94 2270 230 2328 narrare,
258 2271 333 2327 qnae
361 2250 453 2308 fuerit
476 2248 572 2309 Servii
600 2251 636 2309 de
663 2252 720 2309 hac
742 2251 917 2326 quaestione
940 2256 1101 2314 sententia.

183 2340 244 2398 Tus
268 2340 357 2398 ctiam
382 2357 399 2396 a
420 2337 494 2397 viris
517 2357 586 2397 vere
604 2339 746 2398 Romanis
768 2339 800 2397 in
820 2340 911 2398 sacris
931 2341 1102 2402 adhibitum

92 2429 185 2488 fnisse
209 2426 282 2486 Cato
311 2428 396 2486 docet
423 2417 475 2506 (de
497 2426 588 2502 agric.
610 2418 745 2508 134,1).
791 2446 944 2487 cereorum
972 2448 1046 2491 usus
1070 2433 1103 2491 in

95 2515 302 2574 Saturnalibus
319 2517 409 2580 notus
428 2517 474 2573 est
492 2511 620 2592 (Preller
637 2515 677 2593 H,
694 2507 758 2596 17).
796 2520 986 2594 unguentum
1004 2537 1102 2598 aeque

93 2605 125 2661 in
161 2606 283 2663 deornm
320 2604 405 2662 cultu
439 2607 470 2661 et
500 2603 681 2662 valetudinis
714 2622 802 2662 causa
834 2605 1003 2665 adhibitum
1036 2627 1102 2669 esse

95 2693 213 2751 constat
237 2683 427 2771 (blarquardt
444 2691 504 2750 VH
528 2712 557 2767 p.
578 2682 743 2772 785sqq.);
771 2693 877 2752 Iunoni
904 2693 964 2769 ipsi
990 2715 1102 2757 nomen

95 2780 193 2838 Unria
216 2779 318 2837 datum
343 2784 408 2838 erat
430 2775 556 2860 (Preller
577 2781 688 2855 1‚280.
712 2781 750 2851 ΙΙ,
766 2775 853 2862 215).
899 2783 1102 2858 epistularum

94 2868 219 2943 denique
243 2887 328 2926 usum
348 2870 439 2928 etiam
459 2869 489 2926 in
509 2869 635 2944 privatis
653 2869 782 2946 negotiis
801 2871 988 2944 frequentem
1006 2873 1102 2934 fnisse

93 2960 230 3032 apparet:
253 2957 313 3015 iam
334 2957 567 3017 consultationes
586 2961 616 3016 et
633 2975 776 3032 responsa
792 2958 970 3035 plerumque
988 2960 1102 3022 litteris

93 3046 320 3105 mandabantur.
352 3048 455 3121 itaque
473 3047 593 3104 chartae
613 3042 790 3121 epistulares
808 3047 1021 3122 patrifamilias
1039 3051 1101 3110 iam

93 3137 275 3194 necessariae
294 3138 388 3194 erant.
425 3134 558 3193 moribus
578 3134 708 3194 ciuitatis
726 3135 850 3193 mutatis
870 3135 962 3194 etiam
979 3141 1101 3213 penoris

94 3224 226 3282 definitio
248 3243 309 3282 non
331 3223 442 3282 mutari
464 3241 523 3280 non
545 3223 652 3298 potuit.
695 3222 815 3283 Servius
838 3224 957 3299 quidem
983 3220 1027 3286 ‘et
1046 3249 1101 3286 un-

93 3317 238 3386 guentum
257 3308 284 3388 <.
300 3358 306 3370 .
323 3307 351 3388 .>
371 3315 402 3370 et
420 3312 537 3370 chartas
556 3311 734 3386 epistulares
752 3311 870 3386 penoris
886 3307 963 3372 esse'
978 3318 1101 3390 putavit

94 3395 144 3478 (D.
169 3402 223 3475 33,
244 3403 277 3475 9,
297 3402 330 3478 3,
351 3393 406 3479 10)
436 3403 467 3458 et
493 3401 524 3457 in
551 3400 737 3474 reprehensis
761 3400 920 3460 Scaevolae
948 3405 1101 3480 capitibus

95 3481 185 3547 ‘Ceto
208 3488 295 3547 Aelio
318 3480 480 3564 placuisse'
505 3487 635 3564 scripsit,
660 3481 724 3547 ‘tus
748 3508 864 3568 quoqne
889 3494 920 3548 et
942 3510 1045 3552 cereos
1069 3496 1101 3553 in
