2422 3840
105 181 173 244 410
201 181 274 235 VllI.
289 177 422 236 OCTAVI
436 177 535 234 SAEC.
544 177 643 234 IURIS
657 177 829 234 CONSULT.
840 176 965 233 sanias
980 175 1117 231 TERTIA

106 365 179 408 cum
202 343 319 407 herede
342 343 383 406 ab
407 363 455 425 eo,
477 342 541 425 qui,
563 363 636 406 cum
658 344 765 405 totum
788 346 958 427 argentum
978 344 1007 407 ei
1025 344 1116 428 lega—

104 437 175 497 tum
203 435 286 513 erat,
312 452 441 496 mensas
469 431 638 494 dumtaxat
665 430 728 494 sibi
757 432 883 514 legatas
910 436 1039 515 putaret
1063 456 1114 498 ea·

19 579 22 582 ,
104 543 239 605 rumque
269 517 438 584 'dumtaxat
469 519 729 583 aestimationem
760 519 795 583 in
826 519 943 585 iudicio
975 522 1115 606 fecisset,

104 615 218 694 postea
250 609 386 673 eundem
411 608 588 691 petiturum
619 607 658 671 de
686 613 821 691 argento
849 631 977 694 quoque
1004 611 1114 697 legato

104 697 275 763 Trebatius
307 697 354 762 ait
385 718 444 761 nec
476 697 679 761 obstaturam
706 697 737 760 ei
766 698 1000 783 exceptionem,
1028 702 1114 786 qnod

103 808 169 852 non
197 787 240 851 sit
266 786 404 871 petitum
432 785 531 868 [quod
556 806 616 850 nec
639 788 730 850 actor
752 789 861 870 petere
884 790 1032 871 putasset
1055 811 1114 855 nec

102 875 198 940 iudex
219 874 254 939 in
277 875 394 941 iudicio
418 875 598 955 sensisset].

380 1030 424 1085 De
441 1033 541 1086 atataic
557 1031 714 1085 marmoreis
732 1031 837 1100 tepetis.

192 1134 242 1198 13.
271 1132 309 1196 Ι).
328 1132 385 1212 32,
410 1132 487 1216 100,
508 1135 536 1196 1.
581 1131 751 1196 Iavolenus
784 1132 867 1197 libro
900 1135 1040 1200 secundo
1074 1159 1113 1201 ex

102 1221 337 1304 posterioribus
365 1219 527 1285 Labeonis
551 1216 600 1306 (P.
621 1217 709 1306 173).
754 1219 845 1285 Duae
873 1226 1000 1288 statuae
1027 1247 1112 1289 mar·

101 1331 230 1377 moreae
257 1309 385 1375 cuidam
412 1309 618 1386 nominatim,
644 1310 724 1373 item
752 1330 845 1373 omne
872 1332 1015 1376 marmor
1043 1318 1112 1378 erat

101 1398 259 1482 legatum:
295 1398 419 1463 nullam
452 1401 592 1462 statuam
625 1418 839 1462 marmoream
871 1406 999 1482 praeter
1032 1402 1110 1468 duas

101 1484 277 1552 Cascellius
300 1491 396 1570 putat
420 1485 541 1570 deberi,
565 1485 679 1551 Ofilius
703 1484 876 1552 Trebatius
899 1493 1022 1555 contra.

456 1643 501 1698 De
514 1644 636 1712 pecunia
654 1643 750 1712 tapeta.

190 1745 240 1809 14.
267 1743 306 1811 Ι).
326 1746 382 1828 34,
402 1743 436 1827 5,
457 1744 506 1808 14.
543 1742 727 1808 Marcianus
755 1744 839 1809 libro
864 1749 955 1811 sexto
979 1748 1110 1814 institu-

99 1833 224 1910 tionum
257 1831 413 1919 (P.109).
469 1831 504 1896 Si
536 1833 606 1915 quis
639 1833 686 1896 ita
718 1833 897 1917 scripserit:
929 1834 1020 1919 illis,
1054 1839 1110 1923 qui
1139 1886 1141 1892 -

97 1925 328 1987 testamentum
361 1944 467 1985 meum
501 1920 715 2005 signaverint,
751 1921 844 1987 heres
877 1919 967 1989 meus
1000 1926 1108 1991 decem

99 2009 196 2089 dato',
219 2010 390 2075 Trebatius
414 2010 493 2074 utile
516 2011 659 2093 legatum
683 2031 753 2074 esse
776 2014 879 2094 putat.

188 2099 240 2165 15.
268 2100 305 2165 D.
325 2099 378 2180 30,
397 2099 449 2178 30,
468 2098 497 2163 5.
534 2096 694 2181 Ulpianus
713 2098 797 2178 libro
817 2121 902 2164 nono
922 2101 1047 2168 decimo
1067 2105 1108 2168 ad

98 2185 254 2252 Sabinum
286 2185 336 2274 (P.
360 2184 472 2274 2597).
520 2235 554 2252 ..
582 2185 752 2251 Trebatius
785 2189 964 2273 existimat,
997 2191 1026 2255 si
1058 2194 1108 2257 cui

97 2275 236 2361 legetur,
259 2276 388 2360 quando
413 2297 569 2340 annorum
592 2273 709 2360 viginti
732 2276 807 2358 erit,
832 2277 999 2361 vulgarem
1023 2280 1107 2346 hano

98 2365 274 2428 clausulam
299 2361 357 2452 (sc.
380 2365 419 2428 de
444 2385 549 2428 annua
573 2363 639 2449 die)
663 2385 799 2429 cessare.

466 2521 509 2575 De
527 2536 622 2575 annuo
640 2521 735 2590 tapeto.

187 2621 250 2685 16⁵.
273 2621 313 2685 D.
328 2621 379 2703 32,
393 2621 445 2703 30,
455 2620 484 2686 5.
510 2620 619 2686 Labeo
634 2621 717 2685 libro
733 2621 871 2687 seeundo
885 2623 1104 2705 posteriorum

97 2708 286 2773 aIavoleno
310 2709 559 2792 epitomatorum
584 2707 634 2796 (P.
650 2707 737 2794 172).
780 2709 892 2776 ‘Uxori
916 2733 1005 2776 meae
1030 2714 1106 2778 dum

96 2819 168 2862 cum
191 2798 259 2861 filio
283 2818 354 2861 meo
375 2795 504 2883 Capuae
529 2798 599 2883 erit,
622 2799 716 2862 heres
740 2799 1106 2868 meusdueena1dato’.

97 2886 195 2966 [filius
220 2907 240 2949 a
261 2889 365 2949 matre
384 2887 542 2971 migravit.
581 2888 609 2950 si
628 2886 724 2952 ambo
744 2883 874 2970 Capuae
891 2888 1105 2976 habitassent,

95 2974 240 3059 legatum
260 2974 356 3038 matri
375 2975 485 3039 debitu
500 2976 538 3039 iri
554 2975 675 3059 putavi,
695 2976 841 3059 quamvis
856 2998 921 3041 una
935 2998 1002 3040 non
1016 2978 1106 3044 habi·

93 3064 248 3147 tassent'3]
277 3063 327 3126 sin
355 3061 491 3148 [autem]
519 3065 554 3127 in
580 3064 666 3128 aliud
690 3065 899 3149 municipium
922 3067 1105 3151 transisset,

95 3152 189 3215 unius
209 3153 284 3216 anni
303 3154 527 3217 tantummodo
547 3153 655 3217 debitu
674 3152 724 3235 iri,
743 3174 806 3236 quo
821 3174 885 3217 una
899 3154 1105 3221 habitassent

95 3240 301 3324 quantolibet
318 3245 471 3324 tempore,
495 3240 666 3306 Trebatius
686 3242 741 3307 ait.
779 3240 966 3322 [videamus
990 3266 1033 3308 an
1052 3245 1104 3310 his

93 3328 200 3392 verbis
220 3328 307 3392 ‘dum
328 3350 400 3393 cum
420 3328 486 3393 filia
504 3327 633 3413 Capuae
653 3329 734 3415 erit',
753 3352 817 3394 non
838 3331 982 3396 condicio
1002 3333 1104 3416 signi-

92 3416 216 3499 ficetur,
240 3416 295 3480 sed
318 3438 355 3480 ea
379 3419 536 3501 scriptura
559 3440 618 3503 pro
642 3439 838 3502 supervacuo
862 3418 957 3483 debet
978 3421 1104 3507 haberi,

147 3549 163 3596 1
195 3545 274 3603 ΜΖ).
295 3546 429 3606 ducenta.
