2422 3840
357 159 399 211 11,
424 155 453 210 c.
468 153 660 221 acalauius
680 152 820 210 annuus
1032 154 1096 218 119

167 318 212 384 3⁸.
246 316 310 383 (lic.
329 320 397 403 top.
416 319 450 400 7,
469 319 522 384 32.
544 315 736 383 -Solebat
762 316 940 402 Aquillius,
968 317 1094 404 collega

85 405 313 472 etfamiliaris
340 429 445 491 meus,
473 428 544 472 cum
574 407 613 471 de
641 407 789 471 litoribus
819 411 979 492 ageretur,
1012 429 1095 492 quae

82 495 189 561 omnia
216 494 348 580 publica
376 517 446 561 esse
473 495 586 578 vultis,
614 496 842 579 quaerentibus
865 495 920 579 iis,
948 496 989 560 ad
1013 517 1094 580 quos

80 585 109 650 id
128 584 327 670 pertinebat,
345 584 421 670 quid
440 588 527 649 esset
544 583 633 668 litus,
652 585 701 649 ite
719 583 868 650 definire:
892 606 956 669 qua
974 585 1094 650 fluctus

79 673 232 739 eluderet.

166 759 212 829 3¹³.
245 761 380 838 Quintil.
406 761 501 826 instit
523 765 604 826 orat.
622 761 659 847 5,
679 762 734 846 14,
751 761 804 826 34.
824 798 866 807 —
887 759 969 826 011111
992 763 1092 828 etiam

78 850 315 935 iurisconsulti,
347 872 485 936 quorum
518 871 662 915 summus
695 851 780 916 circa
812 851 986 916 verborum
1017 873 1091 935 pro-

77 942 252 1026 prietatem
281 939 376 1004 labor
405 942 468 1021 est,
499 938 576 1003 litus
607 960 676 1003 esse
707 939 849 1004 audeant
878 939 997 1024 dicere,
1028 963 1092 1025 qua

77 1029 193 1094 fluctus
219 1027 328 1092 eludit.

166 1118 212 1183 3⁰.
238 1116 314 1201 Dig.
327 1115 380 1199 50,
396 1116 447 1197 10,
461 1117 514 1180 96.
547 1113 661 1180 Celsus
679 1115 763 1181 libro
783 1117 961 1182 vicensimo
976 1119 1091 1202 quinto

76 1204 287 1292 Digestorum
316 1203 365 1289 (P.
383 1202 474 1291 208).
523 1203 617 1270 Litus
646 1208 708 1286 est,
736 1227 902 1290 quousque
931 1206 1091 1272 maximus

75 1295 193 1360 fluctus
217 1317 237 1359 a
258 1295 340 1358 mari
364 1293 523 1378 pervenit,
548 1294 643 1378 idque
666 1293 811 1359 Marcum
834 1294 975 1360 Tullium
999 1295 1093 1360 aiunt

76 1405 151 1449 oum
176 1383 301 1449 arbiter
323 1386 423 1469 esset,
444 1383 584 1465 primum
609 1383 826 1449 constituisse.

165 1477 276 1536 Errare
303 1477 361 1537 hoc
387 1476 453 1536 loco
476 1477 595 1536 Meroua
619 1476 736 1536 Tullius
763 1497 818 1553 pro
842 1476 930 1538 Gallo
953 1476 1091 1554 Aquillio

73 1567 193 1643 positus
221 1569 276 1625 est.
322 1564 443 1625 Celsum
469 1566 514 1624 ita
539 1565 604 1624 fere
634 1565 788 1641 scripsisse
813 1585 882 1626 cum
904 1568 1090 1627 Mommseno

73 1655 188 1714 iudico:
217 1647 328 1733 ‘idque
350 1649 480 1714 Marcus
508 1648 633 1714 Tullius
663 1648 792 1715 Gallum
820 1650 1000 1734 Aquillium
1034 1653 1091 1734 ait,

74 1760 148 1803 cum
173 1738 296 1803 arbiter
318 1737 415 1802 esset'
439 1741 471 1802 et
495 1759 524 1822 q.
544 1759 570 1804 s.

165 1828 195 1892 4.
228 1826 268 1893 D.
291 1827 347 1909 28,
367 1825 400 1904 5,
420 1825 473 1892 75.
518 1825 686 1891 Licinnius
709 1825 814 1890 Rufus
837 1827 922 1892 libro
947 1828 1089 1893 secundo

73 1916 275 2000 Regularum
297 1912 346 2000 (P.
362 1911 406 2001 5).
444 1913 479 1981 Si
502 1915 549 1979 ita
573 1916 644 1999 quis
668 1915 760 1979 heres
784 1915 953 1980 institutus
977 1916 1089 1982 fuerit:

73 2005 221 2088 ‘excepto
241 2003 350 2086 fundo,
373 2007 506 2087 excepto
526 2004 710 2069 usufructu
729 2003 824 2067 heres
844 2003 936 2087 esto',
954 2005 1089 2088 perinde

73 2093 136 2158 erit
168 2093 238 2157 iure
272 2093 360 2158 civili
388 2097 484 2177 atque
513 2094 540 2156 si
571 2093 640 2157 sine
670 2114 707 2156 ea
734 2113 768 2155 rc
796 2092 889 2156 heres
917 2093 1089 2157 institutus

73 2187 173 2263 esset,
197 2182 294 2266 idque
317 2182 511 2246 auctoritate
536 2180 623 2246 Galli
646 2180 783 2265 Aquillii
805 2180 927 2245 factum
951 2185 1010 2246 est.

163 2270 194 2335 5.
226 2269 266 2336 D.
289 2271 439 2351 30,127.
491 2270 611 2335 Paulus
643 2271 728 2335 libro
762 2270 920 2352 singulari
953 2270 992 2334 de
1019 2269 1089 2334 iure

71 2360 294 2426 codicillorum
304 2355 352 2446 (P.
363 2356 450 2445 896).
474 2360 503 2422 Α
517 2359 628 2423 fratris
643 2363 793 2442 postumo
803 2359 1088 2423 fideicommissum

72 2449 143 2513 dari
180 2452 302 2532 potest:
339 2448 409 2513 sola
446 2449 530 2512 enim
568 2448 718 2512 voluntas
751 2450 899 2512 servatur
935 2448 969 2513 in
1001 2448 1089 2513 fidei-

71 2537 268 2620 commissis,
292 2540 324 2601 et
347 2538 489 2621 optinuit
509 2534 597 2600 Galli
620 2538 792 2618 sententia,
817 2536 940 2601 alienos
959 2558 1088 2623 quoque

70 2629 244 2711 postumus
267 2625 432 2708 legitimos
457 2626 551 2689 nobis
575 2625 708 2690 heredes
732 2625 812 2689 fieri.

164 2715 193 2780 6.
216 2713 256 2779 D.
270 2715 323 2799 32,
337 2714 379 2779 29
398 2716 418 2794 ξ
434 2717 462 2780 1.
490 2713 598 2778 Labeo
613 2714 698 2778 libro
713 2714 853 2779 secundo
869 2710 1088 2796 posteriorum

71 2827 91 2869 a
113 2803 269 2869 Iauoleno
293 2803 543 2886 epitomatorum
567 2800 618 2886 (P.
634 2800 721 2888 171).
767 2800 847 2867 Cum
872 2803 920 2866 ita
942 2803 1087 2887 legatum

70 2896 173 2977 esset,
204 2897 243 2958 nt
269 2890 358 2955 Titia
388 2913 469 2956 uxor
496 2913 569 2955 mea
595 2891 786 2955 tentandam
813 2895 940 2973 partem
968 2892 1089 2956 habeat

70 2977 234 3068 (cepisti)
249 2980 438 3064 quantulam
457 3001 539 3044 unus
558 2979 662 3064 heres,
681 2981 709 3044 si
728 3001 794 3044 non
813 2981 962 3064 aequales
976 2983 1087 3063 partes

70 3074 182 3135 essent
203 3068 371 3147 heredum,
400 3068 436 3144 Q.
460 3068 584 3132 Mucius
609 3074 641 3133 et
664 3068 779 3133 Gallus
801 3069 964 3151 putabant
986 3068 1087 3131 maxi-

70 3182 161 3224 mam
198 3161 324 3242 partem
354 3157 496 3239 legatam
529 3179 613 3241 esse,
651 3158 727 3240 quia
758 3157 792 3221 in
825 3157 946 3220 maiore
979 3157 1088 3219 minor

71 3269 202 3334 quoque
225 3247 359 3329 inesset,
383 3245 511 3311 Servius
536 3245 650 3311 Ofilius
674 3245 840 3309 minimam

164 3338 192 3401 7.
222 3334 259 3399 D.
280 3335 332 3415 30,
347 3335 391 3399 30
401 3357 447 3415 pr.
468 3336 532 3415 §7
573 3333 732 3418 Ulpianus
752 3334 835 3397 libro
855 3354 941 3397 nono
961 3332 1087 3396 decimo

69 3426 112 3490 ad
134 3423 292 3491 Sabinum
312 3421 360 3508 (P.
375 3421 486 3509 2597).
523 3423 611 3487 Talis
631 3422 803 3505 scriptura:
823 3419 915 3504 ‘quas
934 3421 1087 3505 pecunias

69 3515 190 3600 legavi,
214 3513 330 3597 quibus
355 3513 422 3576 dies
445 3513 612 3595 adpositus
636 3533 699 3575 non
724 3514 783 3596 est,
805 3532 860 3575 cas
883 3510 978 3575 lieres
995 3532 1092 3574 meus
