2422 3840
92 157 136 222 20
179 157 227 212 ΙΙΙ.
252 155 399 211 SEPTIMI
419 153 520 210 SAEC.
538 154 633 210 lusis
654 154 969 210 consuar.sa1uas
988 153 1105 210 PRIMA

93 324 130 384 ut
154 325 203 383 est
225 319 365 382 relatum
388 317 473 400 apud
499 315 632 382 Sextum
654 316 869 401 Pomponium
891 318 1102 400 Digestorum

94 409 135 473 ab
160 408 310 472 Aristone
334 406 417 470 libro
442 404 565 490 quinto.

181 501 241 560 Pro
265 499 377 560 Catone
400 501 527 560 fortasse
551 498 726 575 Capitonem
751 498 941 559 scribendum
964 518 1028 559 esse
1052 500 1103 560 ad·

94 593 180 650 notat
202 588 311 668 Lenel,
333 608 438 649 vereor
461 591 496 646 ut
518 590 607 646 reete.

183 692 213 756 2.
241 690 281 754 D.
300 690 352 772 34,
373 665 499 773 7‚1‘pr.
549 687 661 754 Celsus
690 690 773 753 libro
796 689 964 772 trigesimo
990 689 1103 773 quinto

96 778 304 864 Digestorum
325 778 376 861 (P.
394 777 485 862 250).
508 813 547 822 -
574 775 756 843 Catoniana
778 778 893 861 regula
916 779 962 842 sic
985 777 1105 862 definit,

97 869 192 952 quod,
216 867 243 932 si
266 866 455 931 testamenti
478 865 557 929 facti
580 871 726 950 tempore
748 867 939 930 decessisset
957 869 1105 948 testator,

95 957 210 1021 inutile
247 955 345 1038 foret,
381 954 414 1017 id
447 954 591 1039 legatum
624 955 891 1040 quandocumque
924 955 1105 1034 decesserit,

96 1067 159 1110 non
183 1045 301 1109 valere.

184 1136 380 1197 Catonianam
416 1137 501 1194 illam
537 1136 673 1214 regulam
709 1138 800 1196 etiam
832 1137 928 1197 nostri
960 1139 1105 1214 temporis

95 1227 171 1286 iuris
189 1226 294 1302 peritis
313 1230 415 1284 notam
435 1245 453 1282 a
467 1223 579 1284 Catone
597 1225 659 1285 filio
678 1245 786 1284 nomen
804 1225 923 1285 duxisse
941 1226 1104 1286 verisimile

95 1321 154 1374 est:
192 1333 228 1373 ex
263 1313 351 1372 huius
388 1331 529 1388 responso
567 1314 634 1373 aliis
671 1315 797 1391 probato
830 1317 967 1392 regulam
999 1320 1105 1391 postea

96 1404 216 1462 demum
248 1402 400 1461 definitam
428 1420 492 1461 esse
520 1406 602 1478 puto.
651 1403 753 1479 itaque
781 1404 860 1480 quod
887 1403 999 1463 Paulus
1027 1404 1105 1464 libro

96 1495 179 1551 sexto
203 1491 316 1550 decimo
340 1491 378 1549 ad
399 1490 552 1549 Plautium
577 1483 628 1570 (D.
644 1494 694 1564 50,
712 1494 793 1567 17,1
819 1492 851 1550 P.
869 1488 968 1571 1230)
991 1496 1106 1552 monet:

98 1574 169 1639 ‘non
192 1599 228 1638 ex
250 1580 355 1656 regula
378 1579 424 1637 ius
448 1582 594 1655 sumatur,
617 1581 669 1639 sed
693 1600 727 1639 ex
750 1581 814 1639 iure
837 1581 916 1656 quod
937 1585 983 1641 est
1001 1583 1107 1660 regula

97 1662 167 1726 fiat'
195 1668 226 1726 in
253 1669 308 1727 hac
335 1668 441 1743 regula
468 1667 588 1726 videtur
615 1670 727 1728 factum
755 1687 829 1728 esse.
874 1670 942 1744 quis
969 1671 1107 1745 regulam

98 1757 246 1816 definierit
268 1756 431 1815 nescimus:
456 1755 541 1816 Celso
565 1757 625 1816 iam
644 1761 718 1816 nota
740 1761 812 1816 erat.
854 1759 945 1833 vulgo
969 1760 1107 1836 regulam

99 1846 137 1904 ab
160 1846 224 1920 ipso
245 1844 356 1904 Catone
380 1844 532 1904 definitam
551 1864 617 1904 esse
635 1850 754 1922 putant.
794 1850 864 1922 post
882 1845 1001 1906 Celsum
1021 1868 1107 1926 regu-

98 1935 160 1993 lam
182 1934 307 1992 laudant
325 1933 509 2009 Papinianus
532 1935 608 1994 libro
632 1935 735 2010 quinto
757 1935 869 1995 decimo
889 1930 1108 2007 Quaestionum

99 2015 149 2104 (D.
170 2025 224 2099 34,
246 2025 316 2099 7,3
348 2021 381 2080 P.
400 2015 492 2102 242),
525 2023 672 2098 Ulpianus
704 2023 789 2082 libris
822 2024 935 2083 decimo
968 2029 998 2083 et
1029 2027 1109 2086 vice-

100 2112 174 2171 simo
204 2113 301 2188 primo
331 2114 361 2169 et
389 2110 516 2170 secundo
544 2110 582 2169 ad
610 2111 753 2170 Sabinum
782 2105 832 2190 (D.
852 2115 907 2188 34,
930 2115 1000 2190 7,4
1025 2119 1055 2174 01
1080 2119 1108 2176 5.

98 2200 135 2259 Ι).
155 2203 209 2277 30,
230 2201 272 2259 40
304 2199 335 2257 Ρ.
356 2201 451 2259 2505.
478 2191 591 2258 26221.
613 2192 713 2280 2634)
746 2204 777 2259 et
807 2201 920 2260 Paulus
953 2202 1038 2262 libris
1071 2204 1110 2263 ad

99 2288 252 2346 Plautium
277 2281 327 2366 (D.
343 2289 393 2360 33,
412 2289 440 2363 5,
461 2289 499 2346 13
523 2286 555 2346 Ρ.
572 2290 665 2347 1154.
686 2290 722 2347 cf.
741 2289 777 2348 D.
794 2292 844 2367 34,
860 2293 888 2367 7,
904 2293 922 2349 2
946 2291 978 2349 P.
996 2289 1110 2373 1173);

99 2375 178 2434 idem
195 2375 232 2434 ad
246 2375 384 2451 regulam
395 2373 591 2434 Catonianam
604 2376 715 2435 librum
731 2378 912 2454 singularem
924 2382 1110 2460 conseripsit,

101 2464 184 2524 cuins
208 2483 299 2521 unum
323 2464 526 2538 fragmentum
548 2464 693 2524 habemus
717 2457 835 2547 (0.,49,
852 2470 901 2543 17,
918 2460 983 2548 20).

190 2551 388 2609 Tribonianus
415 2552 541 2628 denique
569 2553 601 2611 in
623 2555 749 2631 Digesta
776 2556 900 2614 titulum
930 2552 981 2616 ‘de
1004 2560 1111 2634 regula

101 2633 283 2699 Catoniana'
309 2640 486 2716 inscriptum
514 2642 647 2717 recipere
674 2644 762 2703 iussit
785 2638 856 2722 (34,
878 2637 920 2724 7).
967 2649 1000 2705 at
1021 2647 1111 2707 Pauli

100 2730 303 2805 fragmentum
325 2727 401 2786 illud
425 2749 460 2788 ex
483 2730 559 2789 libro
583 2731 646 2791 eius
670 2732 815 2808 singulari
838 2731 1028 2809 desumptum
1048 2756 1109 2795 non

99 2818 170 2876 huic
197 2817 302 2893 titulo,
331 2818 382 2876 sed
410 2818 462 2877 alii
485 2813 539 2878 ‘dc
562 2820 707 2879 castrensi
729 2815 862 2896 peculio'
885 2821 1032 2883 insertum
1055 2830 1109 2885 est.

341 3027 599 3091 Commentarii
621 3032 713 3091 iuris
737 3033 868 3092 civilis.

79 3225 81 3230 Α
189 3150 264 3213 Cell.
290 3155 344 3229 13,
364 3156 457 3231 20,9
488 3149 641 3232 ‘egregios
669 3156 704 3215 de
732 3157 805 3216 iuris
834 3157 991 3234 disciplina
1015 3159 1109 3222 libros

100 3234 247 3318 reliquit'.
298 3242 480 3318 Pomponius
514 3241 533 3318 ἓ
558 3246 599 3303 38
629 3239 760 3304 ‘Marcus
790 3245 863 3305 Cato
892 3291 934 3325 ..,
965 3249 1051 3308 cuius
1079 3254 1110 3310 et

101 3330 171 3388 libri
196 3334 307 3403 extant,
332 3332 384 3390 sed
407 3331 530 3407 plurimi
552 3332 606 3390 filii
631 3327 711 3392 eius'
812 3334 1110 3418 Commentariorum,

101 3418 151 3495 qui
175 3437 193 3477 a
215 3420 306 3477 Festo
330 3439 357 3478 v.
380 3421 508 3478 mundus
531 3421 705 3498 laudantur,
729 3423 804 3482 liber
827 3425 950 3499 quintus
976 3426 1109 3487 decimus

101 3508 226 3567 aPaulo
246 3507 284 3567 ad
299 3506 443 3568 Sabinum
461 3511 642 3570 nominatur.
675 3509 818 3571 Catonem
835 3514 866 3571 in
881 3517 1109 3577 commentarios
