2422 3840
305 144 330 218 s.
357 160 512 217 scurrus
531 159 715 217 sourrcius
733 161 850 218 ausus
1019 162 1079 226 191

165 327 269 390 Oratio
297 329 472 389 Tribouiani
502 349 625 388 manum
654 331 785 391 ostendit
813 321 1004 410 (numquaml
1037 351 1082 391 ac-

97 419 247 495 cessionem,
270 417 470 478 decessionem
492 419 524 477 in
546 437 597 478 eos
615 413 748 500 feceret).
787 438 825 477 an
845 418 941 480 Servii
960 439 1081 497 respon-

96 524 146 565 sum
166 507 270 584 subsit,
292 507 425 567 incertus
448 525 523 566 sum.

165 608 215 675 75.
245 606 285 672 D.
303 609 357 690 41,
377 610 405 692 1,
423 609 466 673 26
478 631 526 691 pr.
566 607 688 673 Paulus
711 609 795 673 libro
819 613 934 694 quarto
959 609 1082 674 decimo

95 696 123 787 sd
146 695 299 762 Sabinum
330 694 378 784 (P.
404 693 528 783 1868b).
584 747 618 762 ..
649 698 678 762 si
708 697 787 761 meis
817 698 937 762 tabulis
968 720 1083 763 navem

94 782 215 860 lseuses,
234 791 325 851 tuam
340 807 455 851 navem
471 807 549 868 esse,
568 787 644 869 quia
663 808 833 872 cupressus
853 809 916 852 non
932 792 1084 871 maneret,

94 872 170 940 sicuti
191 896 251 940 nec
273 875 350 939 lana
373 875 566 939 vestimento
589 874 690 959 facto,
718 874 772 938 sed
801 897 1004 959 cupresseum
1028 881 1084 940 sut

93 959 203 1028 uncum
229 984 345 1048 corpus
368 963 466 1028 fieret
507 962 664 1028 Proculus
691 964 813 1028 indicat
839 965 899 1029 hoc
927 966 995 1029 iure
1025 986 1084 1029 nos

93 1051 141 1135 uti,
174 1052 259 1136 qnod
287 1049 399 1117 Servio
515 1052 703 1136 placuisset:
739 1053 774 1116 in
806 1053 920 1136 quibus
952 1055 1084 1138 propria

93 1139 215 1222 qualitas
248 1141 531 1224 [ex]spectarstur,
567 1141 595 1205 si
629 1142 706 1225 qnid
738 1142 883 1206 additum
919 1144 983 1207 erit
1013 1146 1083 1207 toto

93 1228 171 1312 cedit,
203 1233 242 1294 ut
269 1233 395 1294 statuae
418 1251 475 1313 pes
499 1233 557 1294 aut
579 1252 707 1314 manus,
735 1231 857 1315 scypho
880 1231 998 1296 fundus
1028 1235 1084 1295 aut

92 1336 166 1402 unsa,
187 1319 272 1384 lecto
296 1317 448 1400 fulcrum,
470 1319 546 1382 navi
569 1319 694 1402 tabula,
718 1319 863 1384 aedificio
887 1324 1083 1384 cementum:

91 1405 145 1469 tota
167 1407 252 1471 enim
277 1406 345 1471 eius
368 1411 458 1488 suut,
481 1407 572 1472 cuius
595 1410 670 1471 ante
692 1407 829 1474 fuerant.

164 1496 213 1561 76.
242 1494 282 1560 D.
299 1496 350 1579 10,
364 1496 394 1577 3,
408 1496 461 1560 27.
496 1494 616 1560 Paulus
639 1497 722 1561 libro
745 1499 843 1561 tertio
868 1498 1083 1581 epitomarum

90 1578 182 1648 Alfeni
205 1583 416 1670 Digestorum
439 1580 488 1669 (P.
509 1581 577 1671 50).
623 1583 671 1649 De
697 1588 860 1650 communi
884 1609 975 1651 servo
999 1609 1082 1651 unus

89 1689 119 1734 ex
141 1673 236 1739 sociis
266 1673 488 1758 quaestionem
515 1673 635 1738 habere
663 1674 726 1739 nisi
754 1676 933 1740 communis
959 1676 1083 1761 negotii

89 1778 170 1826 ceusu
192 1762 261 1826 iure
285 1782 351 1826 non
374 1765 492 1846 potest.

161 1873 207 1932 Ex
239 1890 382 1950 responso
411 1873 448 1932 ab
476 1873 585 1934 Alfeno
613 1875 710 1933 relato
737 1873 865 1933 Paulum
894 1879 1007 1934 certum
1035 1876 1082 1934 ius

86 1957 178 2022 fecisse
203 1965 235 2022 et
255 1962 398 2022 Alfenum
421 1963 462 2022 sic
485 1963 548 2022 fere
572 1962 724 2039 scripsisse
748 1967 836 2038 puto:
861 1956 908 2021 tde
932 1964 1082 2022 communi

86 2065 159 2111 seruo
182 2070 278 2110 unum
303 2097 331 2112 ..
354 2050 420 2110 iure
443 2071 503 2111 non
520 2070 608 2126 posse
629 2050 748 2110 Servios
770 2044 941 2124 respcacu'.

454 2229 501 2287 De
523 2231 707 2302 usucapione.

162 2348 215 2413 77.
243 2345 282 2410 D.
299 2347 353 2429 41,
371 2346 401 2430 4,
419 2347 450 2432 2,
469 2348 498 2412 8.
538 2346 660 2413 Paulus
683 2349 766 2412 libro
791 2347 1083 2432 quinquagensimo

81 2439 190 2519 quarto
211 2434 252 2499 ad
269 2435 407 2500 edictum
424 2432 473 2522 (P.
484 2433 586 2523 684⁸).
620 2436 722 2502 Tutor
743 2460 781 2502 ex
800 2435 916 2521 pupilli
935 2437 1083 2500 auctione

78 2545 149 2608 rem,
175 2545 273 2609 quam
296 2525 364 2589 eius
387 2525 525 2607 putabat
547 2548 626 2607 esse,
650 2528 736 2592 emit.
774 2524 903 2591 Servius
922 2525 969 2589 ait
987 2546 1082 2610 posse

78 2633 145 2677 eum
164 2634 443 2785 qlgsuqqpqqqsssslq·
475 2700 612 2766 Alfenus
627 2701 734 2767 Varus
757 2703 841 2768 libro
860 2704 965 2787 primo
986 2702 1082 2787 Dige-

76 2795 199 2854 storum
223 2811 242 2854 a
264 2789 365 2856 Paulo
389 2791 639 2873 epitomatorum
663 2789 710 2875 (P.
733 2789 798 2875 32).
845 2789 879 2856 Si
902 2813 1013 2856 servus
1037 2792 1084 2855 in-

76 2879 195 2944 sciente
219 2879 349 2944 domino
373 2899 441 2942 rem
462 2878 657 2963 peculiarem
677 2880 881 2964 vendidisset,
906 2884 1082 2963 emptorem

75 2988 389 3140 Πωωῖρᾶτῗὲῗθὲ,
405 3056 434 3140 2,
449 3057 478 3120 2.
518 3056 663 3121 Iulianus
687 3056 770 3121 libro
793 3057 1081 3142 quinquagensimo

79 3148 193 3227 quarto
217 3144 426 3230 Digestorum
447 3141 496 3230 (P.
514 3142 603 3233 620).
643 3144 815 3210 Filium..
840 3146 991 3209 donatam
1015 3165 1083 3207 rem

37 3280 43 3293 .
78 3236 210 3316 epatre
232 3254 292 3316 pro
315 3233 432 3298 herede
455 3236 585 3318 negavit
608 3255 781 3317 usucapere
801 3229 937 3316 Servius,
961 3232 1084 3297 seilicet

79 3323 130 3404 qui
164 3321 373 3387 existimabat
404 3325 586 3386 naturalem
616 3322 854 3408 possessionem
881 3342 980 3406 penes
1010 3343 1082 3385 eum

78 3408 174 3474 fuisse
197 3411 272 3476 rivo
295 3413 397 3496 patre.

166 3524 201 3581 cf.
226 3540 317 3598 supra
341 3517 390 3582 ‘ad
413 3523 510 3601 legem
534 3517 679 3582 Oineiam'
705 3526 755 3585 70.
