2422 3840
96 121 139 184 52
176 118 224 174 1v.
245 117 392 173 SEPTIMl
406 117 504 174 ssssc.
519 116 614 173 lURIS
629 117 803 174 CONSULT.
818 117 945 174 sssslss
959 118 1105 175 ALTERA

94 287 295 346 Tribonianus
317 305 354 345 er
378 285 493 346 duobus
516 287 650 346 eiusdem
673 287 797 366 originis
820 286 906 346 libris
929 289 1106 364 compilasse

94 376 215 435 videtur
243 368 327 455 (nam
355 394 432 450 quae
454 376 554 435 verbis
577 369 723 452 ‘alioquin
820 370 979 453 appetant'
1003 376 1106 437 dicun-

95 469 159 542 tur,
191 464 259 523 aliis
286 463 385 524 verbis
414 457 478 523 ‘nec
504 471 664 524 versantur
770 459 938 524 hominum’
965 470 1106 542 repetun-

94 552 172 631 tur),
200 557 303 629 aperte
332 553 430 628 docet,
459 553 631 612 auditorum
657 552 779 612 illorum
806 552 899 612 libros
925 571 961 613 eo
984 555 1107 615 oblitts·
1150 552 1152 565 '

94 645 176 702 ratos
205 643 311 719 fuisse,
338 640 418 716 quod
441 640 563 701 Servius
591 642 753 700 utilissima
779 660 914 718 quaeque
942 661 980 702 ex
1009 643 1108 704 eisin

95 750 164 790 suos
188 731 394 790 transtulerat.

183 818 258 879 Cum
292 817 443 878 auditores
472 817 565 877 Mucii
596 819 759 878 sententies
790 818 876 878 libris
906 819 971 879 suis
998 840 1109 898 propo-

95 908 190 968 suisse
218 908 352 968 conicere
381 906 483 979 liceat,
513 906 611 966 Servii
633 907 733 985 libris,
760 926 885 983 quorum
909 901 1016 986 ‘prope
1040 928 1109 971 oon·

94 1000 160 1056 tum
188 1000 219 1056 et
250 996 403 1072 octaginta
429 989 574 1071 reliquit',
601 998 637 1054 ut
664 996 747 1056 fonte
769 996 912 1072 primario
935 997 984 1056 uti
1006 1016 1109 1075 posso-

94 1103 170 1147 mus.
221 1089 253 1144 at
284 1085 332 1144 vel
363 1103 467 1144 eorum
493 1083 639 1143 librorum
665 1103 763 1160 pauca
788 1088 909 1144 tantum
936 1085 1110 1162 fragmenta

97 1176 219 1234 servata
241 1177 312 1232 sunt
335 1176 366 1232 et
388 1173 420 1231 in
442 1172 490 1231 his
509 1172 589 1232 Galli
612 1173 731 1249 quidem
754 1192 863 1233 nomen
880 1193 1110 1253 nonnunquam,

94 1280 248 1339 nunqnam
276 1264 376 1320 antem
400 1260 487 1319 Balbi
510 1261 619 1320 Lucilii
648 1266 703 1321 ant
726 1262 805 1322 Sext.
823 1261 938 1338 Papirii
961 1269 1018 1324 sut
1041 1263 1111 1325 Gaii

97 1342 207 1430 (Tiar)
235 1350 367 1409 Iuventii
394 1368 502 1409 nomen
529 1350 687 1427 reperitur.
736 1368 832 1427 neque
859 1351 892 1409 in
918 1355 1111 1428 posterorum

96 1438 182 1497 libris
205 1439 312 1497 horum
334 1438 428 1498 trium
447 1457 555 1498 nomen
573 1456 702 1514 usquam
719 1439 879 1500 invonitur.
920 1443 953 1499 at
971 1441 1110 1519 fortasse,

96 1546 173 1602 quae
206 1526 287 1604 apud
313 1526 479 1586 Varronem
511 1530 542 1586 et
571 1527 696 1586 Festum
723 1529 863 1587 Muciana
895 1529 1041 1608 legimus,
1072 1550 1110 1591 ex

98 1617 269 1675 auditorum
292 1616 377 1675 libris
401 1616 558 1690 desumpta
577 1619 655 1675 sunt.

185 1705 303 1764 Primus
335 1706 437 1782 itaque
466 1705 533 1764 fons
562 1704 710 1765 Ciceronis
739 1705 851 1782 scripta
878 1709 961 1785 sunt,
995 1708 1110 1770 scilicet

98 1793 133 1852 de
161 1793 279 1870 legibus
305 1793 376 1853 libri
403 1786 516 1874 (coepti
540 1788 671 1871 702s51,
693 1793 860 1854 continuati
884 1790 1029 1875 roella),
1054 1797 1111 1858 To-

97 1881 164 1956 pica
195 1881 234 1939 ad
265 1881 298 1941 Τ.
325 1881 502 1942 Trebatium
549 1883 663 1958 scripta
695 1873 835 1964 710l44)
868 1886 899 1943 et
930 1884 967 1944 de
1001 1885 1109 1946 officiis

96 1970 167 2029 libri
194 1970 232 2029 ad
254 1971 389 2031 Marcum
414 1971 512 2030 filium
550 1971 653 2030 eodem
675 1974 810 2046 temporo
832 1966 1015 2053 compositi).
1062 1995 1110 2036 ao-

97 2060 207 2119 oedunt
236 2060 378 2120 Varronis
408 2060 478 2119 libri
506 2060 542 2118 de
572 2060 677 2137 lingua
704 2060 813 2119 Latina
836 2053 977 2140 (711s43
1010 2058 1110 2145 editi),

95 2149 186 2208 Plinii
213 2149 357 2208 historiae
381 2148 528 2208 naturalis
552 2152 583 2207 et
605 2150 641 2208 A.
665 2147 756 2209 Gellii
777 2150 912 2209 noctium
934 2150 1109 2212 Atticarum

96 2238 179 2315 libri,
203 2238 331 2313 denique
354 2237 437 2295 Festi
460 2236 612 2311 epitomes

186 2325 333 2401 Deinceps
350 2325 424 2384 iuris
441 2324 572 2384 consulti
585 2325 608 2383 ii
621 2326 794 2386 recensendi
808 2332 887 2399 sunt,
907 2327 961 2404 qni
973 2328 1111 2390 Mucium

96 2413 146 2472 vel
176 2412 303 2471 laudant
333 2414 382 2472 vel
413 2413 449 2472 de
482 2432 516 2473 eo
550 2413 741 2489 scripserunt.
790 2415 822 2474 in
851 2415 956 2492 primis
986 2417 1110 2479 Servius

98 2501 149 2560 ille
177 2500 328 2577 Sulpicius
355 2501 465 2579 Rufus,
493 2521 511 2561 a
534 2500 674 2563 Cicerone
701 2504 829 2564 fortasse
856 2505 939 2564 ultra
966 2507 1110 2567 meritum

98 2589 239 2648 laudatus
275 2590 454 2666 reprehensa
486 2590 645 2651 Scaevolae
677 2594 777 2668 capita
810 2593 943 2671 scripsit,
980 2613 1110 2671 quorum

97 2677 268 2755 fragmenta
295 2696 391 2752 pauca
418 2679 498 2755 apud
521 2679 652 2739 Gellium
675 2684 887 2760 4,1,17.20
912 2684 944 2741 et
966 2683 998 2741 in
1020 2684 1110 2744 Iusti-

97 2766 180 2824 niani
211 2765 346 2842 Digestis
378 2772 498 2827 servata
530 2771 610 2828 sunt.
664 2771 757 2829 alium
790 2768 939 2830 Ciceronis
971 2773 1109 2848 amicum,

99 2854 274 2913 Trebatium
306 2857 438 2936 Testam,
474 2860 504 2915 in
537 2858 690 2917 nonnullis
721 2859 882 2917 iustiniani
914 2859 1111 2934 Digestorum

98 2944 171 3003 locis
188 2944 322 3003 Mucium
345 2964 439 3022 aeque
462 2946 639 3023 impugnare
662 2948 805 3006 videmus.
847 2966 883 3006 ex
906 2947 1003 3008 altera
1023 2955 1110 3026 parte

97 3051 158 3091 non
192 3033 280 3092 modo
314 3032 344 3094 Ο.
372 3035 513 3110 Aquilius
546 3033 665 3112 Gallus,
701 3036 793 3094 Mucii
825 3036 956 3112 auditor,
993 3039 1048 3098 sed
1080 3043 1110 3100 et

98 3121 196 3181 Aulus
221 3119 340 3198 Ofilius,
368 3123 503 3183 Caesaris
532 3123 659 3202 amicus,
687 3123 720 3193 Q.
743 3125 877 3183 Mucium
905 3129 1027 3186 secutus
1057 3132 1110 3188 est.

187 3210 354 3270 Antistium
387 3211 554 3272 Labeonem
587 3216 618 3271 et
649 3213 816 3271 Masurium
846 3213 991 3273 Sabinum
1018 3216 1111 3277 Mucii

100 3303 314 3358 sententiarum
333 3300 492 3359 maximam
508 3301 658 3360 rationem
676 3301 817 3361 habuisse
833 3303 984 3381 videmus,
1006 3309 1110 3365 contra

99 3387 130 3444 in
154 3386 249 3446 Cassii
271 3389 399 3467 Longini
427 3393 456 3448 et
483 3390 515 3448 in
538 3389 659 3450 Proculi
687 3391 863 3469 fragmentis
886 3391 979 3451 Mucii
1001 3413 1110 3454 nomen

98 3494 246 3554 nusquam]
269 3478 388 3555 legitur.
