2422 3840
308 175 333 226 8.
360 169 513 226 SERVIUS
532 170 715 226 SULPICIUS
734 170 852 227 RUFUS
1022 171 1084 235 187

90 354 159 417 opus
181 333 338 398 facerent:
368 333 400 397 id
422 335 473 398 ius
496 337 547 398 est
569 355 628 398 nec
650 334 712 398 ne?
749 335 917 419 respondit
936 335 985 399 ius
1006 357 1085 418 esse,

89 421 251 487 dummodo
278 421 397 487 liberas
421 443 536 506 operas
561 424 602 487 ab
626 424 672 486 eis
695 423 865 506 exigeretL
893 423 954 488 hoc
977 428 1027 488 est
1049 430 1086 489 ut

87 508 283 596 adquiescere
311 532 365 576 eos
392 511 571 577 meridiano
599 515 744 595 tempore
773 514 805 576 et
832 512 1024 578 valetudinis
1053 517 1086 577 et

85 599 260 666 honestatis
283 621 361 664 suae
383 601 544 665 rationem
568 601 686 665 habere
709 600 851 681 sineret].

164 687 248 753 Item
271 689 399 773 rogavi,
428 689 456 752 si
478 689 537 754 bas
566 710 681 774 operas
708 689 819 753 liberti
845 689 921 753 dare
949 689 1084 772 nollent,

82 776 190 861 quanti
221 781 387 860 oporteret
418 778 592 842 aestimari.
650 777 828 861 respondit,
861 781 1015 863 quantum
1047 799 1086 841 ex

79 864 207 930 illorum
235 866 342 949 operis
369 866 506 950 fructus,
537 888 603 931 non
632 870 788 951 quantum
817 888 856 930 ex
882 866 1085 932 incommodo

80 954 182 1019 dando
205 954 280 1032 illis,
304 953 334 1019 ai
355 954 544 1037 prohiberet
567 977 621 1020 eos
640 957 832 1020 medicinam
855 955 975 1040 facere,
998 976 1085 1022 com-

79 1044 164 1108 modi
186 1046 343 1126 patronua
367 1049 596 1109 consecuturus
619 1048 712 1109 esset.

433 1227 480 1285 Dc
503 1228 617 1286 diducti
639 1245 736 1287 cauco.

164 1345 216 1410 62.
247 1343 286 1408 D.
304 1344 357 1429 40,
378 1346 428 1429 12,
447 1345 490 1409 24
503 1367 551 1429 pr.
574 1348 594 1426 ξ
616 1348 642 1410 1.
679 1345 799 1411 Paulus
822 1346 906 1410 libro
931 1344 1085 1429 quinqua·

83 1435 223 1518 gensimo
241 1433 347 1517 primo
367 1434 408 1498 ad
428 1434 567 1498 edictum
587 1431 635 1521 (P.
653 1435 743 1519 646).
784 1433 940 1500 Ordinato
958 1434 1085 1498 liberali

82 1543 174 1588 causa
196 1522 290 1586 liberi
312 1523 384 1587 loco
408 1522 547 1587 habetur
569 1522 607 1608 is,
633 1524 687 1608 qui
711 1525 749 1588 de
773 1528 861 1589 statu
885 1545 943 1588 suo
968 1523 1085 1606 litigat,

81 1612 125 1675 ita
141 1615 179 1676 ut
196 1611 348 1676 adversus
367 1632 440 1675 eum
460 1631 594 1696 quoque,
614 1613 669 1697 qui
686 1634 719 1677 se
736 1613 899 1677 dominum
914 1634 983 1676 esse
998 1612 1087 1696 dicit,

81 1698 222 1765 actiones
236 1699 267 1764 ei
279 1721 347 1765 non
361 1700 568 1783 denegentur,
583 1722 800 1784 quascumque
814 1701 979 1765 intendere
994 1701 1084 1766 velit:

82 1787 153 1872 qnid
181 1788 267 1853 enim
295 1789 323 1853 si
350 1810 432 1874 quae
459 1788 543 1852 tales
570 1791 646 1865 sint,
676 1793 713 1853 ut
735 1795 879 1872 tempore
903 1794 959 1854 aut
982 1793 1085 1854 morte

80 1877 260 1943 intereant?
302 1898 400 1961 quare
418 1899 485 1942 non
504 1878 696 1942 concedatur
715 1878 744 1941 ei
763 1877 854 1940 litem
873 1878 1084 1942 contestando

80 1965 111 2030 in
145 1969 255 2031 tutum
288 1988 342 2030 eas
374 1965 541 2050 redigere?
597 1964 726 2030 Servius
760 1966 806 2029 ait
836 1967 870 2028 in
903 1967 1084 2030 actionibus

80 2055 193 2120 annuis
218 2077 257 2119 ex
280 2076 318 2119 eo
341 2058 486 2139 tempore
511 2077 633 2119 annum
656 2055 776 2137 cedere,
799 2075 837 2117 ex
857 2075 920 2138 quo
939 2053 979 2116 lis
1000 2054 1082 2116 ordi·

79 2148 154 2209 nata
176 2143 230 2208 sit

486 2239 533 2296 Do
554 2240 673 2311 nubtiis.

164 2355 230 2422 63?
258 2355 297 2420 D.
316 2357 368 2440 23,
383 2357 412 2435 2,
428 2358 457 2422 6.
498 2355 660 2440 Ulpianus
681 2357 765 2421 libro
784 2356 951 2440 trigesimo
971 2355 1084 2439 quinto

79 2445 116 2509 ad
140 2443 296 2510 Sabinum
320 2445 369 2531 (P.
390 2442 517 2532 areth).
562 2446 708 2529 Denique
732 2443 837 2509 Oinna
861 2445 986 2510 scribit:
1010 2466 1083 2508 eum

78 2533 130 2618 qni
159 2534 326 2598 absentem
354 2534 479 2618 accepit
504 2555 649 2616 uxorem,
677 2533 791 2598 deinde
814 2534 939 2598 rediens
965 2556 984 2597 a
1007 2555 1085 2598 cena

78 2622 167 2688 iuxta
196 2621 338 2686 Tiberim
371 2623 521 2706 perisset,
555 2624 595 2686 ab
628 2645 726 2688 uxore
754 2624 927 2707 lugendum
955 2645 1083 2707 respon-

76 2733 145 2776 sum
169 2714 228 2776 est.

163 2821 261 2882 Servii
279 2840 454 2898 responsum
472 2841 537 2881 ease
555 2825 663 2899 potest.
699 2824 735 2881 cf.
754 2823 789 2880 D.
807 2826 857 2900 19,
872 2825 901 2899 5,
917 2827 967 2884 23.
1005 2818 1083 2882 ‘Duo

76 2911 240 2970 secundnm
254 2910 386 2970 Tiberim
404 2930 472 2970 cum
490 2905 691 2970 ambularent'
711 2914 741 2969 et
760 2933 786 2988 q.
803 2930 825 2970 s.
845 2905 938 2991 (infra
956 2933 984 2970 n.
997 2907 1084 2990 133).

164 2999 251 3070 Quod
278 2999 316 3058 ad
339 3019 402 3058 rem
426 3000 546 3072 attinet,
576 3001 612 3058 cf.
635 2999 670 3056 D.
692 3001 743 3076 23,
759 3002 787 3074 2,
802 3000 830 3059 5.
876 3000 960 3059 Idem
983 2994 1083 3076 (Pom-

74 3079 198 3170 ponius)
212 3087 291 3146 libro
306 3091 535 3164 quartodecimo
550 3088 587 3146 ad
603 3087 745 3145 Sabinum
759 3080 806 3168 (P.
818 3081 905 3168 594).
930 3089 1085 3146 Mulierem

75 3176 194 3237 absenti
221 3194 276 3251 per
302 3177 420 3236 litteras
448 3176 512 3235 eius
537 3178 586 3235 vel
612 3194 665 3250 per
691 3176 832 3234 nuntium
859 3195 945 3251 posse
973 3175 1085 3234 nubere

73 3264 186 3342 placat,
220 3266 246 3324 si
274 3264 307 3324 in
334 3264 454 3325 domum
481 3266 545 3324 eius
574 3264 784 3334 deduceretur,
816 3283 882 3322 eam
907 3283 979 3324 vero
1008 3282 1084 3339 quae

75 3354 195 3414 abesset
212 3372 248 3412 ex
267 3352 378 3413 litteris
397 3354 446 3414 vel
464 3353 569 3413 nuntio
590 3372 643 3412 suo
663 3353 731 3411 duci
750 3372 768 3411 a
785 3353 894 3411 marito
913 3371 972 3411 non
988 3371 1084 3428 posse,

75 3441 254 3502 deductione
286 3443 366 3501 enim
394 3460 468 3518 opus
496 3460 560 3501 esea
590 3437 734 3520 (uxoris)
761 3445 792 3500 in
819 3440 934 3515 mariti,
967 3461 1027 3501 non
1053 3442 1085 3500 in

75 3531 177 3592 moria
201 3531 323 3590 domum
346 3532 431 3608 quasi
454 3531 486 3590 in
509 3530 696 3592 domicilium
716 3530 914 3592 matrimonii.
