2422 3840
98 173 166 237 420
194 173 269 228 VIII.
285 171 417 229 OCTAVI
432 173 530 229 SAEC.
541 173 638 228 IURIS
654 171 830 230 CONSULT.
840 173 964 228 sufflas
980 173 1115 228 TERTIA

98 356 183 402 anuo
201 342 229 401 et
245 357 298 402 sea
311 333 534 423 mensibus(?)¹
547 337 721 401 transactis
735 339 859 421 pereat:
879 336 1051 401 Trebatius
1067 338 1115 401 ait

100 426 139 490 de
163 425 236 490 dolo
260 425 400 490 dandum
423 425 591 509 iudicium,
615 447 680 489 non
703 430 741 490 ut
764 425 899 490 arbitrio
923 425 1037 489 iudicis
1060 449 1113 490 res

97 515 300 596 restituatur,
329 514 385 579 sed
411 518 449 577 ut
476 517 605 578 tantum
630 518 720 579 actor
744 518 970 598 consequatur,
999 517 1114 598 quanti

98 604 165 668 eius
193 603 378 667 interfuerit
400 603 434 666 id
457 624 522 667 non
546 624 616 667 esse
644 603 782 687 factum,
810 625 852 667 nc
879 603 974 667 aliter
1005 604 1115 668 obser·

96 692 248 758 vantibus
271 692 323 756 lex
346 691 635 757 circumscribatur.

367 867 414 925 De
432 869 529 940 pactis
552 870 578 924 et
600 868 838 925 mercationibus.

185 975 237 1041 53.
269 976 308 1040 D.
333 976 568 1060 2‚14,10,2.
614 975 773 1061 Ulpianus
806 976 888 1040 libro
922 978 1039 1060 quarto
1071 977 1112 1040 ad

96 1064 236 1128 edictum
259 1060 307 1149 (P.
327 1061 416 1151 251).
538 1065 567 1128 si
593 1069 784 1148 procurator
806 1087 897 1128 meus
920 1065 1114 1150 paciscatur,

98 1153 244 1236 exceptio
272 1153 338 1217 doli
361 1153 442 1218 mihi
465 1153 623 1237 proderit,
646 1159 683 1217 ut
705 1153 856 1217 Trebatio
884 1152 1024 1239 videtur,
1056 1156 1112 1238 qui

96 1246 204 1326 putat,
232 1242 326 1306 sicuti
352 1246 485 1325 pactum
512 1243 732 1325 procuratoris
761 1242 842 1306 mihi
868 1245 976 1324 nocet,
1003 1241 1051 1307 ita
1080 1248 1113 1307 et

96 1331 258 1415 prodesse.

443 1425 490 1483 De
513 1426 622 1484 arbitro
644 1429 761 1498 recepto.

185 1532 238 1598 54.
270 1534 308 1599 Ι).
328 1534 404 1598 ibid.
423 1536 488 1614 52.
534 1533 695 1600 Solutioni
724 1534 808 1598 diem
831 1556 927 1618 posse
952 1534 1112 1598 arbitrum

97 1624 240 1686 statuere
263 1627 358 1706 puto:
381 1627 414 1687 et
437 1624 486 1687 ita
509 1626 542 1688 et
564 1623 733 1687 Trebatius
757 1623 883 1687 videtur
906 1624 1035 1688 sentire.

335 1840 386 1900 iv.
419 1841 474 1900 Aa
497 1842 655 1900 oeream
677 1841 869 1918 praetoris.

185 1965 360 2024 Trebatium
386 1984 447 2025 non
475 1966 562 2026 modo
591 1966 627 2024 de
655 1965 719 2024 iure
748 1965 840 2040 civili,
874 1966 926 2025 sed
953 1965 1043 2024 etiam
1072 1966 1111 2024 ad

96 2054 244 2127 praetoris
283 2054 415 2112 edictum
446 2055 538 2113 libros
571 2055 771 2130 composuisse
804 2054 891 2112 Pauli
923 2056 954 2112 et
985 2053 1110 2129 Ulpiani

94 2141 166 2200 libri
198 2142 339 2201 videntur
368 2144 573 2202 demonstrare
602 2143 640 2201 ad
667 2142 747 2202 idem
774 2143 904 2202 edictum
932 2143 1050 2219 scripti,
1078 2144 1111 2201 in

96 2230 205 2306 quibus
229 2230 389 2290 Trebatius
417 2250 505 2308 saepe
534 2230 685 2291 laudatur.
732 2233 802 2290 sunt
827 2231 905 2290 enim
928 2230 1015 2289 Pauli
1038 2231 1110 2290 libri

93 2319 137 2377 XI
160 2311 212 2400 (D.
231 2320 261 2392 4,
277 2321 306 2395 3,
323 2322 372 2391 18,
388 2322 416 2379 3.
435 2313 486 2399 4),
509 2319 581 2379 ΧΧΙ
605 2313 654 2400 (D.
676 2323 705 2394 6,
720 2323 749 2397 1,
764 2312 829 2399 33),
853 2319 967 2377 XXXII
991 2314 1042 2398 (D.
1059 2323 1111 2394 17,

95 2410 124 2485 1,
140 2410 191 2480 20,
207 2402 273 2486 10),
297 2408 428 2467 XXXIII
447 2402 496 2488 (D.
514 2411 564 2485 19,
581 2412 609 2484 1,
625 2411 676 2486 21,
693 2401 736 2487 6),
759 2409 857 2467 XLIX
875 2402 924 2486 (D.
945 2410 996 2484 39,
1013 2410 1042 2484 3,
1058 2411 1109 2485 11,

94 2499 123 2556 5,
149 2489 192 2577 6),
214 2496 285 2555 LIV
308 2492 358 2576 (D.
372 2499 425 2575 41,
440 2499 470 2573 2,
485 2499 563 2574 3,5;
587 2499 639 2574 41,
654 2499 684 2574 4,
702 2500 731 2573 2,
747 2493 789 2574 7),
812 2496 969 2555 LXXVHI
992 2488 1041 2576 (D.
1058 2500 1112 2575 39,

94 2589 123 2661 2,
144 2580 215 2664 25),
238 2585 362 2661 Ulpiani
383 2586 454 2644 libri
476 2585 521 2644 IV
544 2578 594 2666 (D.
616 2588 644 2663 2,
666 2588 716 2662 14,
737 2589 787 2659 10,
803 2582 851 2662 2),
873 2585 917 2643 IX
940 2577 991 2666 (D.
1008 2587 1064 2662 41,
1082 2589 1109 2653 1,

93 2663 161 2753 41),
182 2674 258 2732 XIII
282 2667 336 2756 (D.
350 2675 380 2749 4,
395 2678 423 2748 8,
445 2676 496 2752 21,
513 2677 541 2733 1.
561 2666 604 2754 2),
627 2673 698 2732 XIX
718 2669 767 2752 (D.
785 2676 834 2748 10,
849 2676 879 2749 3,
895 2677 923 2750 6,
940 2666 983 2752 6),
1005 2674 1112 2734 XXIII

93 2760 141 2838 (D.
158 2766 186 2840 9,
202 2764 275 2838 3‚5,
293 2756 339 2837 1),
362 2760 446 2822 XXV
469 2756 521 2845 (D.
542 2765 593 2837 11,
614 2766 642 2840 7,
659 2756 790 2842 14,11),
814 2762 913 2821 XXXI
937 2755 985 2840 (D.
1009 2766 1059 2841 16,
1081 2766 1111 2841 3,

95 2854 123 2928 1,
138 2845 207 2931 41),
225 2851 339 2912 XXXII
353 2842 405 2932 (D.
422 2855 471 2925 19,
487 2855 515 2928 1,
533 2853 583 2928 19,
599 2853 655 2928 22;
676 2853 726 2925 19,
744 2856 771 2925 1,
788 2854 838 2927 17,
850 2848 893 2930 2),
908 2851 981 2910 LIII
995 2847 1046 2928 (D.
1058 2854 1111 2928 39,

93 2944 123 3016 2,
140 2943 218 3017 9,1;
243 2943 293 3013 39,
310 2943 339 3012 3,
354 2943 383 3015 1,
399 2934 442 3020 3),
461 2940 547 2999 LVII
565 2939 613 3015 (D.
628 2942 681 3014 47,
699 2943 748 3012 10,
765 2943 815 3014 17,
827 2932 871 3018 2),
890 2939 971 2998 LXX
991 2937 1042 3017 (Ι).
1058 2942 1111 3017 34,

94 3031 150 3106 20,
172 3020 295 3191 1,)18),
323 3027 419 3089 LXXI
442 3021 494 3110 (D.
515 3031 571 3106 43,
591 3031 648 3106 24,
669 3032 698 3102 1,
719 3020 761 3110 7),
784 3028 908 3086 LXXXI
931 3021 981 3108 (D.
1002 3031 1058 3103 39,
1081 3033 1111 3104 2,

93 3120 234 3194 24,12.

508 3207 556 3265 De
578 3207 690 3266 cloacis.

184 3317 211 3382 1.
247 3315 286 3380 D.
305 3317 360 3399 43,
381 3317 439 3401 23,
457 3318 487 3381 2.
533 3315 709 3381 Venuleius
746 3315 830 3378 libro
868 3315 973 3399 primo
1012 3316 1112 3380 inter-

92 3404 252 3469 dictorum
285 3404 335 3490 (P.
361 3402 425 3492 11).
478 3403 680 3491 Quamquam
713 3404 751 3469 de
783 3403 955 3468 reficienda
990 3404 1111 3491 cloaca,

146 3546 163 3593 1
180 3543 409 3603 conadthenei.
433 3545 470 3617 cf.
483 3543 591 3616 Gai4,
602 3549 664 3602 105.
688 3543 765 3598 Trib.
775 3542 949 3611 temporibus
963 3543 1110 3613 legItimis.
