2422 3840
377 181 404 231 1.
425 175 455 230 P.
470 174 634 230 ALFENUS
653 173 775 230 VARUS
1016 175 1080 238 313

380 362 427 419 De
449 363 587 434 emptione
608 362 776 420 venditione.

336 483 338 487 ’
435 477 479 530 De
496 477 584 543 tundo
603 460 719 531 vendito.

166 587 216 651 66.
235 585 275 649 D.
288 586 338 667 18,
349 587 376 668 1,
387 586 483 670 40111.
504 585 624 650 Paulus
638 585 722 649 libro
737 590 853 670 quarto
869 587 1083 669 epitomarum

76 675 187 738 Alieni
210 673 419 758 Digestorum
443 670 493 760 (P.
507 668 575 759 62).
616 673 678 750 Qui
701 674 836 757 fundum
859 675 1027 751 vendebat,
1049 675 1084 738 in

77 765 148 848 iege
167 763 214 826 166
233 764 366 846 dixerat,
387 767 422 828 ut
441 767 568 845 emptor
587 763 621 826 in
641 763 753 828 diebus
772 763 910 847 triginta
928 762 1083 848 proximis

75 851 210 915 fundum
239 851 407 916 metiretur
430 856 463 915 et
485 852 524 915 de
546 851 642 916 modo
666 852 878 934 renuntiaret,
902 859 934 916 et
957 853 985 917 si
1008 855 1083 916 ante

77 962 147 1004 eam
172 939 254 1004 diem
278 962 343 1004 11011
365 940 592 1023 renuntiasset,
615 943 653 1003 ut
675 941 851 1005 venditoris
873 940 952 1005 fides
977 941 1083 1006 soluta

76 1033 170 1093 66666.
226 1033 352 1112 emptor
387 1030 473 1093 intra
509 1028 593 1092 diem
626 1050 795 1093 mensurae
828 1051 891 1112 quo
924 1029 1082 1094 minorem

13 1168 14 1171 .
77 1118 208 1182 modum
237 1139 307 1182 esse
336 1118 471 1182 eredidit
492 1117 692 1181 renuntiavit
714 1121 747 1181 et
769 1119 938 1202 pecuniam
961 1141 1021 1203 pro
1045 1139 1082 1182 eo

77 1207 210 1288 aceepit.
234 1211 350 1289 postea
364 1229 436 1270 eum
451 1206 586 1270 fundum
600 1207 754 1288 mancipio
770 1205 871 1270 dedit1
882 1210 914 1270 66
927 1229 999 1271 eum
1014 1207 1084 1292 ipse

78 1295 217 1378 emptori
241 1318 299 1359 suo
323 1295 541 1378 admetiretur,
565 1296 667 1359 multo
688 1296 845 1361 minorem
863 1296 994 1361 modum
1014 1296 1084 1380 agri

77 1406 174 1467 quam
192 1388 363 1466 putaverat
381 1382 512 1447 invenit.
553 1383 738 1467 quaerebat,
762 1407 803 1448 611
822 1383 854 1448 id
874 1385 959 1468 quod
978 1384 1084 1447 minor

77 1473 105 1536 is
134 1476 220 1535 esset
249 1473 399 1556 consequi
428 1494 447 1535 a
474 1493 532 1535 suo
559 1471 724 1536 venditore
752 1477 871 1556 posset.
919 1473 1085 1556 respondit

78 1562 248 1643 interesse,
276 1559 545 1645 quemadmodum
577 1561 629 1624 lex
661 1559 827 1625 diceretur.
872 1583 948 1626 nam
978 1563 1006 1626 si
1037 1563 1086 1626 ita

77 1651 198 1713 dietum
236 1654 334 1730 esset,
371 1656 407 1713 ut
443 1653 570 1732 emptor
607 1649 719 1714 diebus
756 1651 894 1735 triginta
930 1651 1085 1735 proximis

77 1737 212 1802 fundum
235 1740 389 1802 metiatur
412 1739 445 1801 et
469 1737 598 1802 damino
622 1739 798 1821 renuntiet,
826 1743 947 1823 quanto
971 1738 1085 1804 modus

78 1827 148 1911 agri
166 1827 272 1890 minor
286 1826 337 1907 sit,
357 1847 419 1908 quo
434 1829 509 1909 post
523 1825 608 1889 diem
622 1827 847 1911 trigensimum
861 1829 1085 1912 renuntiasset,

76 1914 158 1978 nihil
178 1916 207 1977 ei
226 1914 441 1996 profuturum,
460 1913 515 1977 sed
535 1914 563 1977 si
581 1914 629 1979 ita
645 1919 777 1998 paetum
797 1919 891 1998 esset,
909 1920 945 1979 ut
960 1920 1087 2000 emptor

77 2005 112 2065 in
136 2003 248 2066 diebus
272 2002 427 2084 proximis
451 2001 588 2066 fundum
612 2003 765 2067 metiatur
787 2007 821 2068 et
844 2004 882 2067 de
900 2004 996 2068 modo
1016 2006 1086 2088 agri

77 2092 249 2168 renuntiet,
268 2094 301 2154 66
320 2091 348 2154 61
366 2092 400 2154 111
420 2089 532 2154 diebus
547 2093 683 2175 triginta
696 2093 916 2157 renuntiasset
929 2093 1085 2156 minorem

78 2178 208 2243 modurn
239 2179 309 2262 agri
338 2201 421 2264 esse,
454 2179 602 2262 quamvis
629 2179 741 2243 multis
768 2185 844 2264 post
872 2182 963 2245 annis
990 2202 1086 2264 posse

78 2290 150 2332 eum
174 2289 237 2351 quo
262 2268 367 2332 minor
389 2268 418 2332 is
441 2267 556 2332 modus
580 2268 652 2352 agri
675 2269 790 2332 fuisset
811 2274 967 2353 repetere.

149 2385 163 2432 1
190 2380 265 2434 Tne.
284 2378 420 2434 vendidit.

168 2489 220 2552 61.
248 2487 287 2556 D.
305 2489 362 2572 21,
381 2489 415 2572 2,
436 2488 488 2553 45.
533 2487 624 2553 idem
657 2487 823 2575 (Alienus)
857 2490 940 2555 libro
971 2494 1086 2575 quarto

77 2578 287 2662 Digestorum
318 2599 337 2640 a
360 2575 459 2641 Paulo
484 2577 733 2660 epitomatorum
756 2574 805 2664 (P.
825 2575 892 2666 63).
938 2578 1087 2655 6111111111-

78 2668 153 2730 dum
181 2667 335 2749 mancipio
357 2664 511 2730 ¹dederatl
540 2666 687 2750 iugerum
715 2670 852 2748 eertum,
879 2667 960 2731 fines
983 2669 1087 2732 multo

78 2755 217 2840 amplius
242 2754 379 2837 emptori
403 2754 689 2819 demonstraverat.
731 2756 758 2819 61
782 2756 858 2839 quid
881 2776 920 2820 ex
941 2756 993 2820 his
1016 2756 1087 2820 fini·

76 2845 137 2908 bus
166 2844 378 2924 evinceretur,
406 2864 465 2926 pro
494 2842 639 2906 bonitate
666 2844 734 2906 eius
760 2845 899 2927 emptori
923 2850 1086 2928 praestan-

78 2932 154 2996 dum
178 2933 232 3014 ait,
252 2932 397 3014 quamvis
421 2931 454 2994 id
473 2930 559 3013 quod
577 2932 812 3015 relinqueretur
830 2936 959 2997 0611611111
978 2935 1088 3017 iugera

77 3020 219 3086 haberet.

151 3130 164 3177 1
190 3124 265 3178 Trio.
286 3122 450 3178 tradiderat.

169 3232 220 3297 68.
252 3230 290 3296 D.
316 3231 548 3315 18‚1,18,1.
594 3230 792 3316 Pomponius
820 3231 904 3297 libro
932 3253 1019 3296 nono
1048 3233 1088 3297 ad

81 3318 238 3385 Sabinum
257 3318 412 3406 (6541).
450 3317 485 3384 Si
508 3341 618 3384 servus
638 3321 673 3383 in
691 3319 948 3384 demonstrandis
968 3319 1088 3386 domini

79 3409 170 3472 iussu
202 3407 340 3473 finibus1
372 3409 442 3492 agri
471 3408 594 3473 venditi
621 3409 670 3472 vel
699 3430 805 3473 errore
833 3410 884 3473 vel
912 3409 987 3475 dolo
1015 3409 1088 3492 plus

154 3546 167 3591 1
192 3538 228 3593 F.
249 3537 355 3593 domini
373 3537 451 3594 iussu
468 3537 499 3593 in
518 3536 752 3596 demonstrantis
765 3538 890 3592 11111066.
