2422 3840
93 165 135 230 28
179 167 226 223 ΠΙ.
251 165 395 221 SEPTIMI
414 165 511 223 SAEG.
531 167 626 222 IURIS
646 167 822 224 CONSULT.
842 169 966 225 sufflas
985 171 1102 224 PRIMA

320 418 359 498 ὃ.
397 422 437 495 L.
466 421 654 495 cassius
683 423 878 495 HEMINA
979 471 982 475 ,

183 583 335 645 Censorin.
363 586 399 644 de
428 583 455 644 d.
483 589 544 644 nat.
570 586 683 659 17,11
715 578 765 644 ‘at
791 585 860 645 Piso
886 584 1045 645 Censorius
1074 589 1105 646 et

94 671 146 733 On.
175 671 302 750 Gellius,
335 673 388 734 sed
420 677 451 733 et
478 671 598 732 Cassius
632 672 772 745 Hemina,
805 675 857 751 qui
888 675 940 734 illo
969 677 1103 751 tempore

93 752 285 842 (quartorum
308 762 447 822 ludorum
470 762 668 821 saecularium
693 755 854 843 608l146)
878 758 1020 824 vivebat?

389 956 439 1016 De
463 956 676 1016 censoribus
699 956 808 1016 libri?

182 1073 259 1132 Non.
279 1073 352 1149 346,
368 1074 418 1131 22.
461 1070 581 1130 Cassius
600 1072 728 1131 Hemina
745 1072 797 1132 lib.
816 1071 846 1130 Π
864 1073 901 1132 de
920 1073 1103 1134 censoribus:

93 1163 124 1220 et
155 1161 187 1219 in
219 1180 289 1219 area
321 1164 348 1219 et
377 1179 402 1233 q.
433 1179 455 1219 e.
509 1159 654 1220 librorum
687 1159 723 1219 de
756 1162 928 1222 censoribus
961 1164 1104 1224 memoria

92 1269 152 1310 uno
183 1250 273 1309 Nonii
305 1248 413 1307 nititur
445 1249 631 1322 testimonio,
663 1268 700 1307 ne
733 1268 767 1308 eo
800 1250 920 1325 quidem
952 1253 990 1311 ab
1023 1252 1104 1312 omni

94 1338 261 1414 suspicione
285 1357 387 1397 vacuo.
411 1358 438 1396 v.
462 1337 534 1397 Luc.
558 1337 696 1397 Muelleri
719 1337 957 1416 adnotationem,
980 1341 1033 1417 qui
1056 1342 1104 1401 hie

94 1446 212 1502 quoque
240 1426 362 1485 annales
388 1425 515 1485 indicari
541 1431 645 1485 contra
670 1427 825 1486 Hertzium
849 1421 900 1508 (de
924 1430 992 1489 hist.
1019 1432 1101 1490 1871

93 1535 121 1590 p.
146 1506 180 1595 2)
209 1517 278 1590 post
305 1515 380 1574 alios
409 1515 550 1574 defendit.

516 1699 624 1759 Liber
643 1700 682 1761 II.

182 1809 266 1876 Non.
288 1813 308 1876 l.
329 1833 354 1877 o.
379 1848 419 1858 -
444 1817 478 1876 et
505 1811 539 1874 in
563 1833 638 1875 area
660 1813 695 1875 in
719 1807 881 1895 Capitolio
905 1813 1001 1897 signa
1024 1836 1106 1898 quae

94 1903 187 1963 erant
209 1900 395 1965 demoliunt.

146 2215 187 2299 6.
226 2223 264 2306 Q.
292 2222 462 2294 FABIUS
490 2221 709 2294 MAXIMUS
739 2221 1057 2296 SERVILIANUS

483 2383 541 2426 cos.
562 2360 718 2443 esaum.

183 2487 351 2547 Macrobius
375 2481 416 2569 (v.
436 2482 527 2570 infra)
552 2508 621 2548 eum
643 2489 717 2549 iuris
739 2489 882 2565 pontifieii
901 2490 994 2551 libros
1014 2492 1105 2569 serip-

94 2576 167 2635 sisse
190 2578 297 2653 refert3
323 2577 376 2636 sed
399 2581 470 2637 sunt
493 2579 544 2656 qui
567 2582 676 2654 putent
699 2598 797 2638 errore
821 2580 898 2638 hune
921 2599 975 2656 pro
1000 2580 1105 2642 Servio

93 2665 186 2724 Fabio
210 2665 327 2725 Pictore
352 2657 466 2748 (11,1)
490 2667 644 2728 nominari.

349 2860 446 2920 Iuris
470 2862 658 2938 pontificii
681 2862 770 2921 libri

499 2987 607 3045 Liber
631 2987 696 3046 XII.

181 3092 323 3159 Maerob.
353 3098 385 3177 l,
406 3097 463 3178 16,
482 3098 533 3162 25.
567 3133 610 3142 -
644 3097 700 3160 sed
736 3102 768 3159 et
795 3096 915 3162 Fabius
943 3096 1105 3164 Maximus

95 3179 293 3247 Seruilianus
312 3186 459 3267 pontifex
478 3186 513 3249 in
532 3185 616 3249 libro
637 3185 823 3250 duodecimo
839 3190 939 3270 negat
954 3192 1105 3270 oportere

94 3275 164 3334 atro
185 3271 237 3336 die
255 3278 435 3356 parentare,
459 3276 534 3358 quia
552 3280 630 3338 tunc
650 3296 776 3359 quoque
796 3274 910 3339 Ianum
930 3275 1104 3361 lovemque

93 3360 233 3442 praefari
248 3383 377 3426 neeesse
394 3369 451 3448 est,
466 3384 545 3445 quos
562 3363 721 3427 nominari
738 3368 809 3428 atro
826 3364 876 3427 die
890 3387 955 3429 non
966 3368 1103 3449 oportet.
