<?xml version="1.0" encoding="UTF-8"?>
<!DOCTYPE html PUBLIC "-//W3C//DTD XHTML 1.0 Transitional//EN"
    "http://www.w3.org/TR/xhtml1/DTD/xhtml1-transitional.dtd">
<html xmlns="http://www.w3.org/1999/xhtml" xml:lang="en" lang="en">
 <head>
  <title>
</title>
<meta http-equiv="Content-Type" content="text/html;charset=utf-8" />
  <meta name='ocr-system' content='tesseract 3.04.00' />
  <meta name='ocr-capabilities' content='ocr_page ocr_carea ocr_par ocr_line ocrx_word'/>
</head>
<body>
  <div class='ocr_page' id='page_1' title='image "./iurisprudentiae00bremgoog_0351.png"; bbox 0 0 2422 3840; ppageno 0'>
   <div class='ocr_carea' id='block_1_1' title="bbox 131 161 1144 226">
    <p class='ocr_par' dir='ltr' id='par_1_1' title="bbox 131 161 1144 226">
     <span class='ocr_line' id='line_1_1' title="bbox 131 161 1144 226; baseline 0.001 -9"><span class='ocrx_word' id='word_1_1' title='bbox 131 161 196 226; x_wconf 86' lang='lat'>338</span> <span class='ocrx_word' id='word_1_2' title='bbox 225 162 298 216; x_wconf 91' lang='lat' dir='ltr'>VlII.</span> <span class='ocrx_word' id='word_1_3' title='bbox 314 162 449 218; x_wconf 84' lang='lat' dir='ltr'>OOTAVI</span> <span class='ocrx_word' id='word_1_4' title='bbox 464 162 562 219; x_wconf 79' lang='lat' dir='ltr'>SAEO.</span> <span class='ocrx_word' id='word_1_5' title='bbox 572 163 668 218; x_wconf 86' lang='lat' dir='ltr'>IURIS</span> <span class='ocrx_word' id='word_1_6' title='bbox 685 162 991 220; x_wconf 63' lang='lat' dir='ltr'>consumsimus</span> <span class='ocrx_word' id='word_1_7' title='bbox 1005 163 1144 218; x_wconf 84' lang='lat' dir='ltr'><strong>TERTIA</strong></span> 
     </span>
    </p>
   </div>
   <div class='ocr_carea' id='block_1_2' title="bbox 501 340 766 411">
    <p class='ocr_par' dir='ltr' id='par_1_2' title="bbox 501 340 766 411">
     <span class='ocr_line' id='line_1_2' title="bbox 501 340 766 411; baseline 0.004 -17"><span class='ocrx_word' id='word_1_8' title='bbox 501 340 544 395; x_wconf 82' lang='lat' dir='ltr'>De</span> <span class='ocrx_word' id='word_1_9' title='bbox 562 341 622 396; x_wconf 79' lang='lat' dir='ltr'>dote</span> <span class='ocrx_word' id='word_1_10' title='bbox 640 342 766 411; x_wconf 70' lang='lat' dir='ltr'>relegata.</span> 
     </span>
    </p>
   </div>
   <div class='ocr_carea' id='block_1_3' title="bbox 129 448 1145 1157">
    <p class='ocr_par' dir='ltr' id='par_1_3' title="bbox 129 448 1145 1157">
     <span class='ocr_line' id='line_1_3' title="bbox 221 448 1143 535; baseline 0.002 -21"><span class='ocrx_word' id='word_1_11' title='bbox 221 451 270 515; x_wconf 84' lang='lat'>13.</span> <span class='ocrx_word' id='word_1_12' title='bbox 303 448 343 514; x_wconf 88' lang='lat' dir='ltr'>D.</span> <span class='ocrx_word' id='word_1_13' title='bbox 362 450 418 532; x_wconf 85' lang='lat'>33,</span> <span class='ocrx_word' id='word_1_14' title='bbox 442 451 477 533; x_wconf 86' lang='lat'>4,</span> <span class='ocrx_word' id='word_1_15' title='bbox 496 450 529 533; x_wconf 89' lang='lat'>6,</span> <span class='ocrx_word' id='word_1_16' title='bbox 551 452 577 515; x_wconf 93' lang='lat'>1.</span> <span class='ocrx_word' id='word_1_17' title='bbox 619 449 728 515; x_wconf 86' lang='lat' dir='ltr'>Labeo</span> <span class='ocrx_word' id='word_1_18' title='bbox 761 452 843 515; x_wconf 92' lang='lat' dir='ltr'>libro</span> <span class='ocrx_word' id='word_1_19' title='bbox 872 451 1009 516; x_wconf 89' lang='lat' dir='ltr'>secundo</span> <span class='ocrx_word' id='word_1_20' title='bbox 1034 456 1143 535; x_wconf 87' lang='lat' dir='ltr'>poste·</span> 
     </span>
     <span class='ocr_line' id='line_1_4' title="bbox 129 535 1144 626; baseline 0.003 -24"><span class='ocrx_word' id='word_1_21' title='bbox 129 541 251 604; x_wconf 89' lang='lat' dir='ltr'>riorum</span> <span class='ocrx_word' id='word_1_22' title='bbox 271 562 289 602; x_wconf 93' lang='lat' dir='ltr'>a</span> <span class='ocrx_word' id='word_1_23' title='bbox 309 539 463 603; x_wconf 87' lang='lat' dir='ltr'>lavoleno</span> <span class='ocrx_word' id='word_1_24' title='bbox 484 540 733 624; x_wconf 87' lang='lat' dir='ltr'>epitomatorum</span> <span class='ocrx_word' id='word_1_25' title='bbox 747 535 796 625; x_wconf 88' lang='lat' dir='ltr'>(P.</span> <span class='ocrx_word' id='word_1_26' title='bbox 813 538 901 626; x_wconf 79' lang='grc'><strong>178).</strong></span> <span class='ocrx_word' id='word_1_27' title='bbox 1001 542 1039 623; x_wconf 90' lang='lat' dir='ltr'>ei,</span> <span class='ocrx_word' id='word_1_28' title='bbox 1058 562 1144 624; x_wconf 91' lang='lat' dir='ltr'>quae</span> 
     </span>
     <span class='ocr_line' id='line_1_5' title="bbox 131 627 1144 712; baseline 0.003 -21"><span class='ocrx_word' id='word_1_29' title='bbox 131 629 239 693; x_wconf 89' lang='lat' dir='ltr'>dotem</span> <span class='ocrx_word' id='word_1_30' title='bbox 262 628 385 692; x_wconf 91' lang='lat' dir='ltr'>nullam</span> <span class='ocrx_word' id='word_1_31' title='bbox 408 627 563 709; x_wconf 90' lang='lat' dir='ltr'>habebat,</span> <span class='ocrx_word' id='word_1_32' title='bbox 589 629 638 692; x_wconf 90' lang='lat' dir='ltr'>vir</span> <span class='ocrx_word' id='word_1_33' title='bbox 661 628 706 693; x_wconf 92' lang='lat' dir='ltr'>sic</span> <span class='ocrx_word' id='word_1_34' title='bbox 730 629 908 712; x_wconf 73' lang='lat' dir='ltr'>legaverat:</span> <span class='ocrx_word' id='word_1_35' title='bbox 932 629 1065 712; x_wconf 69' lang='lat' dir='ltr'>‘quanta</span> <span class='ocrx_word' id='word_1_36' title='bbox 1088 652 1144 712; x_wconf 90' lang='lat' dir='ltr'>pe·</span> 
     </span>
     <span class='ocr_line' id='line_1_6' title="bbox 130 716 1145 802; baseline 0 -20"><span class='ocrx_word' id='word_1_37' title='bbox 130 718 224 782; x_wconf 91' lang='lat' dir='ltr'>cunia</span> <span class='ocrx_word' id='word_1_38' title='bbox 252 717 337 781; x_wconf 89' lang='lat' dir='ltr'>dotis</span> <span class='ocrx_word' id='word_1_39' title='bbox 364 716 506 781; x_wconf 91' lang='lat' dir='ltr'>nomine&#39;</span> <span class='ocrx_word' id='word_1_40' title='bbox 530 721 563 780; x_wconf 89' lang='lat' dir='ltr'>et</span> <span class='ocrx_word' id='word_1_41' title='bbox 585 717 724 801; x_wconf 87' lang='lat' dir='ltr'>reliqua,</span> <span class='ocrx_word' id='word_1_42' title='bbox 750 716 819 801; x_wconf 69' lang='lat' dir='ltr'>‘pro</span> <span class='ocrx_word' id='word_1_43' title='bbox 844 740 882 781; x_wconf 90' lang='lat' dir='ltr'>ea</span> <span class='ocrx_word' id='word_1_44' title='bbox 906 719 1145 802; x_wconf 85' lang='lat' dir='ltr'>quinquaginta</span> 
     </span>
     <span class='ocr_line' id='line_1_7' title="bbox 130 803 1144 890; baseline 0.001 -20"><span class='ocrx_word' id='word_1_45' title='bbox 130 806 222 870; x_wconf 91' lang='lat' dir='ltr'>heres</span> <span class='ocrx_word' id='word_1_46' title='bbox 260 803 357 869; x_wconf 85' lang='lat' dir='ltr'>dato’.</span> <span class='ocrx_word' id='word_1_47' title='bbox 417 804 525 869; x_wconf 90' lang='lat' dir='ltr'>deberi</span> <span class='ocrx_word' id='word_1_48' title='bbox 562 806 590 869; x_wconf 91' lang='lat' dir='ltr'>ei</span> <span class='ocrx_word' id='word_1_49' title='bbox 627 806 771 889; x_wconf 88' lang='lat' dir='ltr'>legatum</span> <span class='ocrx_word' id='word_1_50' title='bbox 808 805 921 871; x_wconf 91' lang='lat' dir='ltr'>Ofilius</span> <span class='ocrx_word' id='word_1_51' title='bbox 955 805 1144 890; x_wconf 82' lang='lat' dir='ltr'>Cascellius,</span> 
     </span>
     <span class='ocr_line' id='line_1_8' title="bbox 129 893 1143 979; baseline 0 -20"><span class='ocrx_word' id='word_1_52' title='bbox 129 896 208 959; x_wconf 90' lang='lat' dir='ltr'>item</span> <span class='ocrx_word' id='word_1_53' title='bbox 228 898 260 958; x_wconf 92' lang='lat' dir='ltr'>et</span> <span class='ocrx_word' id='word_1_54' title='bbox 275 893 377 959; x_wconf 87' lang='lat' dir='ltr'>Servii</span> <span class='ocrx_word' id='word_1_55' title='bbox 397 894 560 958; x_wconf 78' lang='lat' dir='ltr'>auditores</span> <span class='ocrx_word' id='word_1_56' title='bbox 579 895 788 958; x_wconf 88' lang='lat' dir='ltr'>rettulerunt:</span> <span class='ocrx_word' id='word_1_57' title='bbox 808 896 938 979; x_wconf 87' lang='lat' dir='ltr'>perinde</span> <span class='ocrx_word' id='word_1_58' title='bbox 957 896 1143 960; x_wconf 92' lang='lat' dir='ltr'>habendum</span> 
     </span>
     <span class='ocr_line' id='line_1_9' title="bbox 130 983 1143 1068; baseline 0 -20"><span class='ocrx_word' id='word_1_59' title='bbox 130 1005 199 1049; x_wconf 89' lang='lat' dir='ltr'>esse</span> <span class='ocrx_word' id='word_1_60' title='bbox 228 1005 264 1048; x_wconf 91' lang='lat' dir='ltr'>ac</span> <span class='ocrx_word' id='word_1_61' title='bbox 292 983 320 1046; x_wconf 88' lang='lat' dir='ltr'>si</span> <span class='ocrx_word' id='word_1_62' title='bbox 349 1004 459 1047; x_wconf 92' lang='lat' dir='ltr'>servus</span> <span class='ocrx_word' id='word_1_63' title='bbox 488 983 585 1047; x_wconf 91' lang='lat' dir='ltr'>alicui</span> <span class='ocrx_word' id='word_1_64' title='bbox 613 987 758 1047; x_wconf 90' lang='lat' dir='ltr'>mortuus</span> <span class='ocrx_word' id='word_1_65' title='bbox 787 989 842 1047; x_wconf 90' lang='lat' dir='ltr'>aut</span> <span class='ocrx_word' id='word_1_66' title='bbox 868 1006 927 1068; x_wconf 94' lang='lat' dir='ltr'>pro</span> <span class='ocrx_word' id='word_1_67' title='bbox 951 1006 988 1048; x_wconf 90' lang='lat' dir='ltr'>eo</span> <span class='ocrx_word' id='word_1_68' title='bbox 1013 988 1143 1048; x_wconf 91' lang='lat' dir='ltr'>centum</span> 
     </span>
     <span class='ocr_line' id='line_1_10' title="bbox 130 1073 377 1157; baseline -0.004 -21"><span class='ocrx_word' id='word_1_69' title='bbox 130 1073 239 1157; x_wconf 86' lang='lat' dir='ltr'>legata</span> <span class='ocrx_word' id='word_1_70' title='bbox 261 1075 377 1136; x_wconf 81' lang='lat' dir='ltr'>essent.</span> 
     </span>
    </p>
   </div>
   <div class='ocr_carea' id='block_1_4' title="bbox 255 1237 1015 1308">
    <p class='ocr_par' dir='ltr' id='par_1_4' title="bbox 255 1237 1015 1308">
     <span class='ocr_line' id='line_1_11' title="bbox 255 1237 1015 1308; baseline 0 -16"><span class='ocrx_word' id='word_1_71' title='bbox 255 1238 298 1293; x_wconf 83' lang='lat' dir='ltr'>De</span> <span class='ocrx_word' id='word_1_72' title='bbox 316 1238 365 1305; x_wconf 82' lang='lat' dir='ltr'>iis,</span> <span class='ocrx_word' id='word_1_73' title='bbox 383 1255 453 1307; x_wconf 81' lang='lat' dir='ltr'>quae</span> <span class='ocrx_word' id='word_1_74' title='bbox 471 1237 521 1291; x_wconf 86' lang='lat' dir='ltr'>sub</span> <span class='ocrx_word' id='word_1_75' title='bbox 540 1238 697 1292; x_wconf 81' lang='lat' dir='ltr'>condicione</span> <span class='ocrx_word' id='word_1_76' title='bbox 715 1239 756 1293; x_wconf 85' lang='lat' dir='ltr'>cel</span> <span class='ocrx_word' id='word_1_77' title='bbox 774 1239 818 1292; x_wconf 84' lang='lat' dir='ltr'>die</span> <span class='ocrx_word' id='word_1_78' title='bbox 837 1239 926 1308; x_wconf 69' lang='lat' dir='ltr'>leuato</span> <span class='ocrx_word' id='word_1_79' title='bbox 943 1245 1015 1293; x_wconf 81' lang='lat' dir='ltr'>suat.</span> 
     </span>
    </p>
   </div>
   <div class='ocr_carea' id='block_1_5' title="bbox 74 1341 1193 2141">
    <p class='ocr_par' dir='ltr' id='par_1_5' title="bbox 74 1341 1193 2141">
     <span class='ocr_line' id='line_1_12' title="bbox 221 1341 1143 1434; baseline 0.003 -23"><span class='ocrx_word' id='word_1_80' title='bbox 221 1349 269 1412; x_wconf 89' lang='grc'>14.</span> <span class='ocrx_word' id='word_1_81' title='bbox 297 1345 335 1411; x_wconf 91' lang='lat' dir='ltr'>D.</span> <span class='ocrx_word' id='word_1_82' title='bbox 356 1348 411 1425; x_wconf 85' lang='lat'>35,</span> <span class='ocrx_word' id='word_1_83' title='bbox 433 1348 465 1428; x_wconf 87' lang='lat'>1,</span> <span class='ocrx_word' id='word_1_84' title='bbox 483 1347 541 1427; x_wconf 85' lang='lat'>40,</span> <span class='ocrx_word' id='word_1_85' title='bbox 559 1347 589 1410; x_wconf 78' lang='lat'>2.</span> <span class='ocrx_word' id='word_1_86' title='bbox 630 1345 719 1411; x_wconf 91' lang='lat' dir='ltr'>Idem</span> <span class='ocrx_word' id='word_1_87' title='bbox 748 1345 956 1434; x_wconf 87' lang='lat' dir='ltr'>(Iavolenus)</span> <span class='ocrx_word' id='word_1_88' title='bbox 976 1341 1070 1413; x_wconf 62' lang='lat' dir='ltr'>&#39;libro</span> <span class='ocrx_word' id='word_1_89' title='bbox 1095 1372 1143 1414; x_wconf 91' lang='lat' dir='ltr'>se-</span> 
     </span>
     <span class='ocr_line' id='line_1_13' title="bbox 130 1432 1143 1523; baseline 0.001 -22"><span class='ocrx_word' id='word_1_90' title='bbox 130 1436 234 1501; x_wconf 91' lang='lat' dir='ltr'>cundo</span> <span class='ocrx_word' id='word_1_91' title='bbox 267 1457 305 1499; x_wconf 85' lang='lat' dir='ltr'>ex</span> <span class='ocrx_word' id='word_1_92' title='bbox 337 1435 571 1519; x_wconf 85' lang='lat' dir='ltr'>posterioribus</span> <span class='ocrx_word' id='word_1_93' title='bbox 603 1433 761 1499; x_wconf 87' lang='lat' dir='ltr'>Labeonis</span> <span class='ocrx_word' id='word_1_94' title='bbox 793 1432 843 1522; x_wconf 88' lang='lat' dir='ltr'>(P.</span> <span class='ocrx_word' id='word_1_95' title='bbox 864 1435 952 1523; x_wconf 84' lang='grc'><strong>186).</strong></span> <span class='ocrx_word' id='word_1_96' title='bbox 1003 1436 1143 1512; x_wconf 82' lang='lat' dir='ltr'>Ouidam</span> 
     </span>
     <span class='ocr_line' id='line_1_14' title="bbox 130 1524 1143 1611; baseline 0.002 -22"><span class='ocrx_word' id='word_1_97' title='bbox 130 1525 217 1589; x_wconf 86' lang='lat' dir='ltr'>Titio</span> <span class='ocrx_word' id='word_1_98' title='bbox 237 1529 365 1588; x_wconf 88' lang='lat' dir='ltr'>centum</span> <span class='ocrx_word' id='word_1_99' title='bbox 385 1524 560 1609; x_wconf 84' lang='lat' dir='ltr'>legaverat,</span> <span class='ocrx_word' id='word_1_100' title='bbox 575 1524 688 1587; x_wconf 92' lang='lat' dir='ltr'>deinde</span> <span class='ocrx_word' id='word_1_101' title='bbox 707 1524 793 1588; x_wconf 86' lang='lat' dir='ltr'>infra</span> <span class='ocrx_word' id='word_1_102' title='bbox 812 1526 858 1590; x_wconf 91' lang='lat' dir='ltr'>ita</span> <span class='ocrx_word' id='word_1_103' title='bbox 877 1530 1028 1590; x_wconf 88' lang='lat' dir='ltr'>iusserat:</span> <span class='ocrx_word' id='word_1_104' title='bbox 1048 1525 1143 1611; x_wconf 75' lang='lat' dir='ltr'>‘quas</span> 
     </span>
     <span class='ocr_line' id='line_1_15' title="bbox 129 1612 1143 1699; baseline 0.004 -23"><span class='ocrx_word' id='word_1_105' title='bbox 129 1613 283 1697; x_wconf 85' lang='lat' dir='ltr'>pecunias</span> <span class='ocrx_word' id='word_1_106' title='bbox 308 1613 420 1696; x_wconf 89' lang='lat' dir='ltr'>cuique</span> <span class='ocrx_word' id='word_1_107' title='bbox 444 1613 560 1699; x_wconf 81' lang='lat' dir='ltr'>legavi,</span> <span class='ocrx_word' id='word_1_108' title='bbox 585 1633 638 1676; x_wconf 87' lang='lat' dir='ltr'>eas</span> <span class='ocrx_word' id='word_1_109' title='bbox 662 1612 755 1677; x_wconf 90' lang='lat' dir='ltr'>heres</span> <span class='ocrx_word' id='word_1_110' title='bbox 774 1635 876 1697; x_wconf 89' lang='lat' dir='ltr'>meus,</span> <span class='ocrx_word' id='word_1_111' title='bbox 899 1613 927 1677; x_wconf 91' lang='lat' dir='ltr'>si</span> <span class='ocrx_word' id='word_1_112' title='bbox 946 1619 1049 1678; x_wconf 89' lang='lat' dir='ltr'>mater</span> <span class='ocrx_word' id='word_1_113' title='bbox 1069 1637 1143 1680; x_wconf 88' lang='lat' dir='ltr'>mea</span> 
     </span>
     <span class='ocr_line' id='line_1_16' title="bbox 130 1700 1144 1786; baseline 0.003 -21"><span class='ocrx_word' id='word_1_114' title='bbox 130 1703 280 1782; x_wconf 89' lang='lat' dir='ltr'>moritur,</span> <span class='ocrx_word' id='word_1_115' title='bbox 309 1700 412 1786; x_wconf 86' lang='lat' dir='ltr'>dato&#39;;</span> <span class='ocrx_word' id='word_1_116' title='bbox 440 1707 567 1765; x_wconf 89' lang='lat' dir='ltr'>mortuo</span> <span class='ocrx_word' id='word_1_117' title='bbox 596 1705 688 1785; x_wconf 86' lang='lat' dir='ltr'>patre</span> <span class='ocrx_word' id='word_1_118' title='bbox 717 1702 871 1785; x_wconf 62' lang='lat' dir='ltr'>familias,</span> <span class='ocrx_word' id='word_1_119' title='bbox 881 1702 986 1766; x_wconf 86' lang='lat' dir='ltr'>Titius</span> <span class='ocrx_word' id='word_1_120' title='bbox 1015 1704 1144 1768; x_wconf 86' lang='lat' dir='ltr'>vixerat</span> 
     </span>
     <span class='ocr_line' id='line_1_17' title="bbox 130 1789 1143 1872; baseline 0.002 -18"><span class='ocrx_word' id='word_1_121' title='bbox 130 1795 162 1854; x_wconf 91' lang='lat' dir='ltr'>et</span> <span class='ocrx_word' id='word_1_122' title='bbox 180 1790 254 1854; x_wconf 86' lang='lat' dir='ltr'>viva</span> <span class='ocrx_word' id='word_1_123' title='bbox 267 1795 367 1854; x_wconf 87' lang='lat' dir='ltr'>matre</span> <span class='ocrx_word' id='word_1_124' title='bbox 383 1789 550 1872; x_wconf 84' lang='lat' dir='ltr'>[familias]</span> <span class='ocrx_word' id='word_1_125' title='bbox 567 1790 757 1856; x_wconf 90' lang='lat' dir='ltr'>decesserat.</span> <span class='ocrx_word' id='word_1_126' title='bbox 790 1799 917 1855; x_wconf 87' lang='lat' dir='ltr'>mortua</span> <span class='ocrx_word' id='word_1_127' title='bbox 932 1795 1035 1856; x_wconf 89' lang='lat' dir='ltr'>matre</span> <span class='ocrx_word' id='word_1_128' title='bbox 1050 1792 1143 1857; x_wconf 89' lang='lat' dir='ltr'>here-</span> 
     </span>
     <span class='ocr_line' id='line_1_18' title="bbox 131 1878 1193 1964; baseline 0.002 -21"><span class='ocrx_word' id='word_1_129' title='bbox 131 1880 224 1944; x_wconf 90' lang='lat' dir='ltr'>dibus</span> <span class='ocrx_word' id='word_1_130' title='bbox 249 1879 326 1943; x_wconf 87' lang='lat' dir='ltr'>Titii</span> <span class='ocrx_word' id='word_1_131' title='bbox 351 1879 494 1963; x_wconf 88' lang='lat' dir='ltr'>legatum</span> <span class='ocrx_word' id='word_1_132' title='bbox 519 1879 627 1943; x_wconf 91' lang='lat' dir='ltr'>deberi</span> <span class='ocrx_word' id='word_1_133' title='bbox 652 1878 765 1943; x_wconf 87' lang='lat' dir='ltr'>Ofilius</span> <span class='ocrx_word' id='word_1_134' title='bbox 788 1880 962 1964; x_wconf 87' lang='lat' dir='ltr'>respondit,</span> <span class='ocrx_word' id='word_1_135' title='bbox 988 1883 1144 1963; x_wconf 89' lang='lat' dir='ltr'>quoniam</span> <span class='ocrx_word' id='word_1_136' title='bbox 1190 1879 1193 1884; x_wconf 72' lang='grc'><strong>’</strong></span> 
     </span>
     <span class='ocr_line' id='line_1_19' title="bbox 130 1967 1143 2055; baseline 0.002 -23"><span class='ocrx_word' id='word_1_137' title='bbox 130 1990 195 2034; x_wconf 94' lang='lat' dir='ltr'>non</span> <span class='ocrx_word' id='word_1_138' title='bbox 224 1969 283 2033; x_wconf 88' lang='lat' dir='ltr'>sub</span> <span class='ocrx_word' id='word_1_139' title='bbox 312 1969 498 2032; x_wconf 87' lang='lat' dir='ltr'>condicione</span> <span class='ocrx_word' id='word_1_140' title='bbox 527 1973 612 2032; x_wconf 90' lang='lat' dir='ltr'>esset</span> <span class='ocrx_word' id='word_1_141' title='bbox 639 1967 794 2053; x_wconf 88' lang='lat' dir='ltr'>legatum,</span> <span class='ocrx_word' id='word_1_142' title='bbox 819 1969 874 2032; x_wconf 89' lang='lat' dir='ltr'>sed</span> <span class='ocrx_word' id='word_1_143' title='bbox 899 1973 974 2033; x_wconf 88' lang='lat' dir='ltr'>ante</span> <span class='ocrx_word' id='word_1_144' title='bbox 996 1971 1143 2055; x_wconf 88' lang='lat' dir='ltr'>legatum</span> 
     </span>
     <span class='ocr_line' id='line_1_20' title="bbox 74 2057 776 2141; baseline 0.007 -25"><span class='ocrx_word' id='word_1_145' title='bbox 74 2112 76 2116; x_wconf 87' lang='lat'>.</span> <span class='ocrx_word' id='word_1_146' title='bbox 130 2079 223 2141; x_wconf 90' lang='lat' dir='ltr'>pure,</span> <span class='ocrx_word' id='word_1_147' title='bbox 246 2057 360 2121; x_wconf 92' lang='lat' dir='ltr'>deinde</span> <span class='ocrx_word' id='word_1_148' title='bbox 384 2057 450 2122; x_wconf 88' lang='lat' dir='ltr'>dies</span> <span class='ocrx_word' id='word_1_149' title='bbox 475 2057 620 2121; x_wconf 90' lang='lat' dir='ltr'>solvendi</span> <span class='ocrx_word' id='word_1_150' title='bbox 644 2058 776 2122; x_wconf 85' lang='lat' dir='ltr'>adiecta.</span> 
     </span>
    </p>
   </div>
   <div class='ocr_carea' id='block_1_6' title="bbox 221 2143 1144 2230">
    <p class='ocr_par' dir='ltr' id='par_1_6' title="bbox 221 2143 1144 2230">
     <span class='ocr_line' id='line_1_21' title="bbox 221 2143 1144 2230; baseline 0.004 -21"><span class='ocrx_word' id='word_1_151' title='bbox 221 2148 268 2210; x_wconf 84' lang='grc'><strong>15.</strong></span> <span class='ocrx_word' id='word_1_152' title='bbox 305 2145 344 2209; x_wconf 90' lang='lat' dir='ltr'>D.</span> <span class='ocrx_word' id='word_1_153' title='bbox 366 2147 422 2230; x_wconf 84' lang='lat'>30,</span> <span class='ocrx_word' id='word_1_154' title='bbox 445 2147 501 2226; x_wconf 87' lang='lat'>30,</span> <span class='ocrx_word' id='word_1_155' title='bbox 526 2146 554 2208; x_wconf 78' lang='lat'>7.</span> <span class='ocrx_word' id='word_1_156' title='bbox 600 2143 761 2227; x_wconf 89' lang='lat' dir='ltr'>Ulpianus</span> <span class='ocrx_word' id='word_1_157' title='bbox 790 2145 873 2210; x_wconf 89' lang='lat' dir='ltr'>libro</span> <span class='ocrx_word' id='word_1_158' title='bbox 902 2168 988 2211; x_wconf 93' lang='lat' dir='ltr'>nono</span> <span class='ocrx_word' id='word_1_159' title='bbox 1017 2147 1144 2213; x_wconf 89' lang='lat' dir='ltr'>decimo</span> 
     </span>
    </p>
   </div>
   <div class='ocr_carea' id='block_1_7' title="bbox 129 2231 1144 2762">
    <p class='ocr_par' dir='ltr' id='par_1_7' title="bbox 129 2231 1144 2762">
     <span class='ocr_line' id='line_1_22' title="bbox 131 2231 1144 2322; baseline 0.003 -24"><span class='ocrx_word' id='word_1_160' title='bbox 131 2234 171 2298; x_wconf 86' lang='lat' dir='ltr'>ad</span> <span class='ocrx_word' id='word_1_161' title='bbox 202 2234 357 2299; x_wconf 89' lang='lat' dir='ltr'>Sabinum</span> <span class='ocrx_word' id='word_1_162' title='bbox 389 2231 437 2320; x_wconf 80' lang='lat' dir='ltr'>(P.</span> <span class='ocrx_word' id='word_1_163' title='bbox 458 2232 578 2321; x_wconf 75' lang='lat'>25971).</span> <span class='ocrx_word' id='word_1_164' title='bbox 626 2233 720 2298; x_wconf 90' lang='lat' dir='ltr'>Hanc</span> <span class='ocrx_word' id='word_1_165' title='bbox 749 2283 782 2300; x_wconf 96' lang='lat'>..</span> <span class='ocrx_word' id='word_1_166' title='bbox 811 2235 1003 2318; x_wconf 83' lang='lat' dir='ltr'>scripturam</span> <span class='ocrx_word' id='word_1_167' title='bbox 1035 2234 1144 2322; x_wconf 58' lang='lat' dir='ltr'>(quas</span> 
     </span>
     <span class='ocr_line' id='line_1_23' title="bbox 129 2322 1143 2408; baseline 0.003 -21"><span class='ocrx_word' id='word_1_168' title='bbox 129 2325 282 2406; x_wconf 91' lang='lat' dir='ltr'>pecunias</span> <span class='ocrx_word' id='word_1_169' title='bbox 311 2325 429 2408; x_wconf 81' lang='lat' dir='ltr'>legavi,</span> <span class='ocrx_word' id='word_1_170' title='bbox 462 2325 578 2406; x_wconf 91' lang='lat' dir='ltr'>quibus</span> <span class='ocrx_word' id='word_1_171' title='bbox 607 2323 674 2386; x_wconf 89' lang='lat' dir='ltr'>dies</span> <span class='ocrx_word' id='word_1_172' title='bbox 703 2322 871 2407; x_wconf 86' lang='lat' dir='ltr'>adpositus</span> <span class='ocrx_word' id='word_1_173' title='bbox 899 2346 965 2388; x_wconf 94' lang='lat' dir='ltr'>non</span> <span class='ocrx_word' id='word_1_174' title='bbox 994 2332 1057 2408; x_wconf 91' lang='lat' dir='ltr'>est,</span> <span class='ocrx_word' id='word_1_175' title='bbox 1086 2347 1143 2390; x_wconf 91' lang='lat' dir='ltr'>eas</span> 
     </span>
     <span class='ocr_line' id='line_1_24' title="bbox 129 2408 1144 2499; baseline 0.004 -26"><span class='ocrx_word' id='word_1_176' title='bbox 129 2413 222 2476; x_wconf 90' lang='lat' dir='ltr'>heres</span> <span class='ocrx_word' id='word_1_177' title='bbox 252 2433 341 2476; x_wconf 89' lang='lat' dir='ltr'>meus</span> <span class='ocrx_word' id='word_1_178' title='bbox 370 2434 476 2476; x_wconf 87' lang='lat' dir='ltr'>annua</span> <span class='ocrx_word' id='word_1_179' title='bbox 504 2411 592 2475; x_wconf 91' lang='lat' dir='ltr'>bima</span> <span class='ocrx_word' id='word_1_180' title='bbox 620 2411 718 2475; x_wconf 87' lang='lat' dir='ltr'>trima</span> <span class='ocrx_word' id='word_1_181' title='bbox 746 2413 796 2476; x_wconf 91' lang='lat' dir='ltr'>die</span> <span class='ocrx_word' id='word_1_182' title='bbox 819 2408 923 2499; x_wconf 84' lang='lat' dir='ltr'>dalo&#39;)</span> <span class='ocrx_word' id='word_1_183' title='bbox 946 2434 1012 2476; x_wconf 94' lang='lat' dir='ltr'>non</span> <span class='ocrx_word' id='word_1_184' title='bbox 1036 2414 1144 2478; x_wconf 89' lang='lat' dir='ltr'>solum</span> 
     </span>
     <span class='ocr_line' id='line_1_25' title="bbox 130 2500 1144 2586; baseline 0.003 -23"><span class='ocrx_word' id='word_1_185' title='bbox 130 2500 171 2563; x_wconf 90' lang='lat' dir='ltr'>ad</span> <span class='ocrx_word' id='word_1_186' title='bbox 202 2501 426 2583; x_wconf 87' lang='lat' dir='ltr'>praecedentia</span> <span class='ocrx_word' id='word_1_187' title='bbox 460 2502 528 2564; x_wconf 89' lang='lat' dir='ltr'>sola</span> <span class='ocrx_word' id='word_1_188' title='bbox 562 2502 684 2583; x_wconf 88' lang='lat' dir='ltr'>legata,</span> <span class='ocrx_word' id='word_1_189' title='bbox 718 2500 773 2563; x_wconf 89' lang='lat' dir='ltr'>sed</span> <span class='ocrx_word' id='word_1_190' title='bbox 807 2501 847 2564; x_wconf 87' lang='lat' dir='ltr'>ad</span> <span class='ocrx_word' id='word_1_191' title='bbox 877 2504 1029 2565; x_wconf 88' lang='lat' dir='ltr'>universa</span> <span class='ocrx_word' id='word_1_192' title='bbox 1060 2525 1144 2586; x_wconf 88' lang='lat' dir='ltr'>quae</span> 
     </span>
     <span class='ocr_line' id='line_1_26' title="bbox 131 2589 1144 2674; baseline 0.004 -23"><span class='ocrx_word' id='word_1_193' title='bbox 131 2592 327 2653; x_wconf 86' lang='lat' dir='ltr'>testamento</span> <span class='ocrx_word' id='word_1_194' title='bbox 361 2589 523 2672; x_wconf 90' lang='lat' dir='ltr'>adscripta</span> <span class='ocrx_word' id='word_1_195' title='bbox 556 2596 644 2671; x_wconf 92' lang='lat' dir='ltr'>sunt,</span> <span class='ocrx_word' id='word_1_196' title='bbox 677 2589 804 2653; x_wconf 85' lang='lat' dir='ltr'>extendi</span> <span class='ocrx_word' id='word_1_197' title='bbox 838 2589 949 2662; x_wconf 81' lang='lat' dir='ltr'>Gallus</span> <span class='ocrx_word' id='word_1_198' title='bbox 978 2591 1144 2674; x_wconf 88' lang='lat' dir='ltr'>Aquillius</span> 
     </span>
     <span class='ocr_line' id='line_1_27' title="bbox 131 2676 756 2762; baseline 0.002 -21"><span class='ocrx_word' id='word_1_199' title='bbox 131 2676 246 2741; x_wconf 88' lang='lat' dir='ltr'>Ofilius</span> <span class='ocrx_word' id='word_1_200' title='bbox 270 2677 441 2742; x_wconf 81' lang='lat' dir='ltr'>Trebatius</span> <span class='ocrx_word' id='word_1_201' title='bbox 466 2677 708 2762; x_wconf 88' lang='lat' dir='ltr'>responderunt.</span> <span class='ocrx_word' id='word_1_202' title='bbox 752 2683 756 2690; x_wconf 87' lang='lat'>&#39;</span> 
     </span>
    </p>
   </div>
   <div class='ocr_carea' id='block_1_8' title="bbox 408 2878 857 2940">
    <p class='ocr_par' dir='ltr' id='par_1_8' title="bbox 408 2878 857 2940">
     <span class='ocr_line' id='line_1_28' title="bbox 408 2878 857 2940; baseline 0.009 -4"><span class='ocrx_word' id='word_1_203' title='bbox 408 2878 455 2937; x_wconf 88' lang='lat' dir='ltr'>De</span> <span class='ocrx_word' id='word_1_204' title='bbox 477 2883 639 2938; x_wconf 81' lang='lat' dir='ltr'>testamento</span> <span class='ocrx_word' id='word_1_205' title='bbox 661 2880 857 2940; x_wconf 74' lang='lat' dir='ltr'>manumissis.</span> 
     </span>
    </p>
   </div>
   <div class='ocr_carea' id='block_1_9' title="bbox 120 2987 1181 3606">
    <p class='ocr_par' dir='ltr' id='par_1_9' title="bbox 120 2987 1181 3606">
     <span class='ocr_line' id='line_1_29' title="bbox 219 2987 1143 3072; baseline 0.003 -20"><span class='ocrx_word' id='word_1_206' title='bbox 219 2989 269 3052; x_wconf 89' lang='grc'>16.</span> <span class='ocrx_word' id='word_1_207' title='bbox 302 2987 340 3054; x_wconf 93' lang='lat' dir='ltr'>D.</span> <span class='ocrx_word' id='word_1_208' title='bbox 358 2988 416 3066; x_wconf 87' lang='grc'>40,</span> <span class='ocrx_word' id='word_1_209' title='bbox 437 2990 470 3071; x_wconf 78' lang='grc'>7,</span> <span class='ocrx_word' id='word_1_210' title='bbox 489 2989 545 3070; x_wconf 86' lang='grc'>39,</span> <span class='ocrx_word' id='word_1_211' title='bbox 568 2992 594 3053; x_wconf 94' lang='grc'><strong>1.</strong></span> <span class='ocrx_word' id='word_1_212' title='bbox 640 2988 810 3052; x_wconf 89' lang='lat' dir='ltr'>Iavolenus</span> <span class='ocrx_word' id='word_1_213' title='bbox 839 2989 922 3053; x_wconf 90' lang='lat' dir='ltr'>libro</span> <span class='ocrx_word' id='word_1_214' title='bbox 957 2992 1073 3072; x_wconf 90' lang='lat' dir='ltr'>quarto</span> <span class='ocrx_word' id='word_1_215' title='bbox 1103 3013 1143 3054; x_wconf 89' lang='lat' dir='ltr'>ex</span> 
     </span>
     <span class='ocr_line' id='line_1_30' title="bbox 129 3074 1145 3165; baseline 0 -22"><span class='ocrx_word' id='word_1_216' title='bbox 129 3078 361 3162; x_wconf 79' lang='lat' dir='ltr'>posterioribus</span> <span class='ocrx_word' id='word_1_217' title='bbox 389 3077 549 3142; x_wconf 83' lang='lat' dir='ltr'>Labeonis</span> <span class='ocrx_word' id='word_1_218' title='bbox 577 3074 628 3165; x_wconf 92' lang='lat' dir='ltr'>(P.</span> <span class='ocrx_word' id='word_1_219' title='bbox 649 3075 735 3162; x_wconf 85' lang='grc'><strong>196).</strong></span> <span class='ocrx_word' id='word_1_220' title='bbox 777 3075 918 3142; x_wconf 77' lang='lat' dir='ltr'>‘Stichus</span> <span class='ocrx_word' id='word_1_221' title='bbox 948 3077 1032 3141; x_wconf 90' lang='lat' dir='ltr'>liber</span> <span class='ocrx_word' id='word_1_222' title='bbox 1062 3083 1145 3161; x_wconf 88' lang='lat' dir='ltr'>est0,</span> 
     </span>
     <span class='ocr_line' id='line_1_31' title="bbox 129 3166 1145 3250; baseline 0.002 -20"><span class='ocrx_word' id='word_1_223' title='bbox 129 3167 257 3250; x_wconf 84' lang='lat' dir='ltr'>quando</span> <span class='ocrx_word' id='word_1_224' title='bbox 291 3189 344 3230; x_wconf 91' lang='lat' dir='ltr'>aes</span> <span class='ocrx_word' id='word_1_225' title='bbox 380 3167 522 3230; x_wconf 88' lang='lat' dir='ltr'>alienum</span> <span class='ocrx_word' id='word_1_226' title='bbox 560 3189 665 3230; x_wconf 90' lang='lat' dir='ltr'>meum</span> <span class='ocrx_word' id='word_1_227' title='bbox 709 3167 851 3231; x_wconf 91' lang='lat' dir='ltr'>solutum</span> <span class='ocrx_word' id='word_1_228' title='bbox 888 3166 1145 3232; x_wconf 88' lang='lat' dir='ltr'>creditoribusve</span> 
     </span>
     <span class='ocr_line' id='line_1_32' title="bbox 132 3255 1145 3339; baseline 0.001 -21"><span class='ocrx_word' id='word_1_229' title='bbox 132 3256 211 3320; x_wconf 89' lang='lat' dir='ltr'>meis</span> <span class='ocrx_word' id='word_1_230' title='bbox 236 3256 439 3321; x_wconf 84' lang='lat' dir='ltr'>satisfactum</span> <span class='ocrx_word' id='word_1_231' title='bbox 464 3255 546 3320; x_wconf 69' lang='lat' dir='ltr'>erit?</span> <span class='ocrx_word' id='word_1_232' title='bbox 593 3256 739 3339; x_wconf 88' lang='lat' dir='ltr'>quamvis</span> <span class='ocrx_word' id='word_1_233' title='bbox 762 3256 854 3319; x_wconf 88' lang='lat' dir='ltr'>heres</span> <span class='ocrx_word' id='word_1_234' title='bbox 877 3255 1020 3338; x_wconf 88' lang='lat' dir='ltr'>locuples</span> <span class='ocrx_word' id='word_1_235' title='bbox 1045 3257 1145 3320; x_wconf 85' lang='lat' dir='ltr'>exsti·</span> 
     </span>
     <span class='ocr_line' id='line_1_33' title="bbox 131 3343 1146 3430; baseline 0.003 -24"><span class='ocrx_word' id='word_1_236' title='bbox 131 3345 239 3427; x_wconf 89' lang='lat' dir='ltr'>tisset,</span> <span class='ocrx_word' id='word_1_237' title='bbox 271 3350 378 3408; x_wconf 85' lang='lat' dir='ltr'>tamen</span> <span class='ocrx_word' id='word_1_238' title='bbox 411 3367 476 3408; x_wconf 94' lang='lat' dir='ltr'>non</span> <span class='ocrx_word' id='word_1_239' title='bbox 511 3346 598 3427; x_wconf 92' lang='lat' dir='ltr'>prius</span> <span class='ocrx_word' id='word_1_240' title='bbox 633 3343 778 3408; x_wconf 84' lang='lat' dir='ltr'>Stichum</span> <span class='ocrx_word' id='word_1_241' title='bbox 814 3344 952 3409; x_wconf 85' lang='lat' dir='ltr'>liberum</span> <span class='ocrx_word' id='word_1_242' title='bbox 986 3344 1146 3430; x_wconf 88' lang='lat' dir='ltr'>futurum,</span> 
     </span>
     <span class='ocr_line' id='line_1_34' title="bbox 132 3433 1181 3516; baseline 0.003 -20"><span class='ocrx_word' id='word_1_243' title='bbox 132 3454 229 3515; x_wconf 91' lang='lat' dir='ltr'>quam</span> <span class='ocrx_word' id='word_1_244' title='bbox 252 3433 428 3497; x_wconf 89' lang='lat' dir='ltr'>creditores</span> <span class='ocrx_word' id='word_1_245' title='bbox 452 3435 621 3516; x_wconf 89' lang='lat' dir='ltr'>pecuniam</span> <span class='ocrx_word' id='word_1_246' title='bbox 643 3440 699 3496; x_wconf 87' lang='lat' dir='ltr'>aut</span> <span class='ocrx_word' id='word_1_247' title='bbox 718 3434 798 3496; x_wconf 85' lang='lat' dir='ltr'>satis</span> <span class='ocrx_word' id='word_1_248' title='bbox 819 3435 1017 3516; x_wconf 88' lang='lat' dir='ltr'>accepissent</span> <span class='ocrx_word' id='word_1_249' title='bbox 1036 3434 1146 3498; x_wconf 91' lang='lat' dir='ltr'>aliove</span> <span class='ocrx_word' id='word_1_250' title='bbox 1179 3435 1181 3441; x_wconf 78' lang='grc'><strong>’</strong></span> 
     </span>
     <span class='ocr_line' id='line_1_35' title="bbox 120 3520 1145 3606; baseline 0.008 -25"><span class='ocrx_word' id='word_1_251' title='bbox 120 3540 187 3600; x_wconf 86' lang='lat' dir='ltr'>quo</span> <span class='ocrx_word' id='word_1_252' title='bbox 214 3521 316 3586; x_wconf 90' lang='lat' dir='ltr'>modo</span> <span class='ocrx_word' id='word_1_253' title='bbox 344 3521 409 3586; x_wconf 91' lang='lat' dir='ltr'>sibi</span> <span class='ocrx_word' id='word_1_254' title='bbox 435 3522 604 3606; x_wconf 89' lang='lat' dir='ltr'>cavissent,</span> <span class='ocrx_word' id='word_1_255' title='bbox 626 3520 734 3586; x_wconf 88' lang='lat' dir='ltr'>Labeo</span> <span class='ocrx_word' id='word_1_256' title='bbox 759 3521 873 3586; x_wconf 89' lang='lat' dir='ltr'>Ofilius</span> <span class='ocrx_word' id='word_1_257' title='bbox 897 3521 1145 3606; x_wconf 87' lang='lat' dir='ltr'>responderunt.</span> 
     </span>
    </p>
   </div>
   <div class='ocr_carea' id='block_1_10' title="bbox 0 0 1216 3840">
    <p class='ocr_par' dir='ltr' id='par_1_10' title="bbox 0 0 1216 3840">
     <span class='ocr_line' id='line_1_36' title="bbox 0 0 1216 3840; baseline 0 0"><span class='ocrx_word' id='word_1_258' title='bbox 0 0 1216 3840; x_wconf 95' lang='lat' dir='ltr'> </span> 
     </span>
    </p>
   </div>
  </div>
 </body>
</html>
