2422 3840
93 153 159 217 218
196 153 244 207 VI.
266 152 401 208 OCTAVI
420 151 518 208 SAEC.
538 152 634 208 IURIS
653 151 969 210 consecretales
986 151 1109 206 PRIMA

94 317 248 382 inlocum
263 315 415 398 defuncti,
433 317 614 381 nonhabet
629 317 766 380 directas
781 315 935 396 actiones
952 319 985 379 et
996 336 1109 398 neque

93 405 127 469 id
155 406 239 490 quod
268 404 409 469 defuncti
434 405 512 486 fuit,
543 409 652 488 potest
680 404 846 468 intendere
874 403 983 468 ‘suum
1011 403 1110 483 esse',

93 516 197 576 neque
224 494 258 557 id
286 494 372 578 quod
400 494 429 558 ei
452 493 642 573 debebatur,
670 496 779 577 potest
800 493 966 557 intendere
988 491 1109 576 <dari>

95 582 157 647 sibi
185 582 365 667 oportere'3
396 583 506 666 itaque
533 583 608 647 ficto
642 605 676 646 se
704 581 821 646 herede
850 581 988 646 intendit
1016 582 1111 646 velut

93 671 155 736 hoc
185 672 295 736 modo:
328 670 439 735 ‘iudex
466 674 545 735 esto.
592 671 620 734 si
649 673 688 734 A.
711 670 852 755 Agerius
881 667 928 757 (id
957 672 1008 734 est
1036 670 1109 754 ipse

95 760 199 843 actor)
224 759 257 824 h.
278 759 364 824 Titio
386 760 481 824 heres
504 765 598 843 esset,
621 763 693 822 tum
714 759 765 842 (si
788 759 883 843 eum>
905 758 1044 823 fundum
1069 759 1109 822 de

96 871 159 932 quo
189 850 297 933 agitur
323 871 363 912 ex
389 848 459 912 iure
483 847 656 924 Quiritium
684 848 753 913 eius
782 869 857 921 esse⁴
874 850 1041 932 oporteret
1063 847 1109 913 ..’

96 937 245 1000 similiter
272 941 305 1001 et
329 938 490 1001 bonorum
514 940 640 1020 emptor
662 938 737 1001 ficto
762 959 795 1001 sc
819 936 934 1000 herede
959 937 1030 1020 egit

95 1026 216 1110 species
241 1027 376 1090 aetionis
406 1048 470 1110 qua
492 1026 568 1090 ficto
597 1048 631 1090 se
654 1025 771 1090 herede
794 1025 952 1090 bonorum
976 1028 1110 1109 emptor

95 1116 179 1200 agit,
203 1112 357 1179 Serviane
379 1113 564 1197 (vocetur).
968 1192 971 1201 Ι

183 1205 213 1268 2.
245 1202 269 1269 I.
289 1204 327 1267 de
347 1207 406 1268 aot.
425 1204 460 1286 4,
479 1204 513 1285 6,
532 1204 561 1268 7.
607 1201 761 1268 Serviane
780 1252 806 1267 ..
825 1223 864 1266 ex
886 1202 987 1286 ipsius
1011 1224 1111 1286 prae-

94 1293 176 1356 toris
200 1292 437 1356 iurisdictione
457 1291 672 1356 substantiam
690 1291 785 1375 capit
822 1290 976 1356 Serviane
994 1294 1109 1356 eutem

95 1381 258 1463 experitur
281 1381 353 1463 quis
377 1381 415 1444 de
437 1381 533 1444 rebus
552 1381 668 1463 coloni,
690 1402 772 1464 quae
790 1379 935 1465 pignoris
954 1379 1026 1444 iure
1045 1402 1108 1464 pro

95 1469 293 1533 mercedibus
316 1469 407 1532 fundi
431 1469 460 1532 ei
482 1473 642 1533 tenentur.

183 1562 232 1621 Ad
259 1562 427 1638 exemplum
454 1563 544 1621 huius
568 1563 729 1622 Servianae
758 1562 884 1621 actionis
911 1557 1016 1639 ‘quasi
1040 1562 1110 1622 Ser-

94 1646 195 1711 viana'
218 1654 324 1727 postea
345 1650 518 1710 introducta
540 1655 595 1729 est,
618 1670 694 1726 quae
718 1655 748 1710 ct
770 1645 989 1727 hypothecaria
1011 1652 1110 1711 nomi-

94 1741 191 1799 natur.
238 1740 423 1816 hypothecae
450 1759 521 1800 vero
549 1744 619 1799 ente
642 1739 828 1798 Hadrianum
852 1759 1001 1816 nusquam
1026 1740 1110 1816 apud

94 1828 168 1886 iuris
188 1829 339 1888 consultos
354 1829 504 1888 Romanos
523 1828 635 1888 mentio
654 1828 700 1886 fit:
720 1847 816 1904 neque
831 1827 865 1898 Q.
877 1829 993 1888 Mucius
1009 1847 1109 1906 neque

96 1917 216 1976 Servius
239 1937 335 1995 neque
353 1918 482 1976 Alfenus
505 1936 601 1993 neque
620 1917 721 1976 Labeo
743 1935 839 1992 neque
860 1916 988 1976 Sabinus
1009 1936 1109 1994 neque

96 2003 217 2066 Cassius
231 2027 328 2082 neque
341 2007 486 2066 Proculus
499 2025 596 2083 neque
613 2004 714 2064 Celsus
729 1999 951 2082 ‘hypothecam’
961 2006 1109 2066 nominat.

94 2095 225 2169 primum
257 2096 443 2172 hypothecae
474 2114 583 2154 nomen
611 2094 765 2155 invenitur
792 2095 873 2170 apud
901 2093 1024 2172 Gaium,
1057 2095 1110 2171 qui

96 2177 145 2241 ‘ad
174 2185 304 2243 edictum
329 2177 523 2261 provincieIc'
546 2184 662 2258 amplos
684 2182 913 2242 commentarios
937 2185 1108 2259 composuit

95 2265 142 2350 (P.
163 2266 339 2352 ter-388),
363 2273 495 2349 itemque
518 2272 633 2346 primus
655 2265 706 2330 ‘de
726 2272 859 2330 formula
877 2266 1106 2347 hypothecarie'

93 2360 204 2419 librum
228 2362 412 2438 singularem
435 2361 602 2435 composuit
626 2352 673 2442 (P.
691 2351 891 2441 399—403).

182 2450 267 2508 Idem
290 2450 383 2508 Gaius
411 2449 525 2524 primus
552 2449 628 2509 libro
656 2468 734 2508 nono
763 2449 803 2508 ad
830 2449 962 2508 edictum
986 2450 1105 2524 provin-

94 2537 169 2595 ciale
202 2533 253 2616 (D.
274 2541 328 2612 16,
350 2539 420 2614 1,5
454 2538 487 2596 P.
508 2530 586 2617 229)
620 2533 724 2615 ‘quasi
758 2537 932 2598 Servianam
964 2556 1043 2614 quae
1076 2546 1106 2597 et

93 2626 307 2700 hypothecaria
336 2620 476 2687 vocatur'
504 2627 648 2686 nominet.
699 2626 795 2685 secuti
822 2629 893 2686 sunt
919 2626 1104 2701 Papinianus

95 2706 146 2793 (D.
170 2716 330 2789 20,1,1:
360 2709 445 2772 ‘utili
468 2709 663 2795 Serviana’)‚
691 2716 855 2791 imperator
878 2713 1049 2775 Gordianus
1075 2715 1105 2773 in

93 2803 239 2878 rescripto
263 2803 301 2861 ad
320 2803 491 2862 Aristonem
514 2805 586 2863 dato
604 2795 650 2885 (O.
667 2806 695 2881 8,
712 2807 740 2878 9,
757 2808 788 2862 1:
812 2797 970 2862 ‘Serviane
988 2805 1103 2863 actione

94 2893 142 2950 vel
165 2911 241 2967 quae
265 2891 303 2949 ad
327 2893 495 2967 exemptum
519 2892 584 2950 eius
607 2892 793 2964 instituitur,
821 2885 934 2972 utilis')
959 2895 991 2952 et
1013 2892 1104 2952 Iusti-

92 2980 200 3039 nianus
228 2972 266 3062 (I.
290 2982 326 3039 de
350 2983 406 3040 act.
430 2983 464 3056 4,
485 2984 518 3058 6,
540 2982 634 3057 7pr.:
672 2975 760 3039 ‘item
784 2980 927 3040 Serviane
958 2985 990 3040 et
1020 2981 1105 3059 qnasi

94 3069 237 3130 Serviane
260 3089 336 3145 quae
360 3069 452 3129 etiam
474 3069 688 3145 hypothecaria
710 3062 875 3149 vocatur').

182 3159 269 3217 Certe
283 3178 320 3218 ne
335 3157 480 3218 Serviane
494 3158 615 3234 quidem
630 3159 707 3217 actio
722 3161 792 3217 anto
806 3158 995 3217 Hadrianum
1009 3159 1104 3218 nomi·

92 3251 195 3307 natur:
218 3249 338 3307 demum
361 3267 430 3307 cum
446 3246 584 3305 Iulianus
603 3247 733 3306 edictum
752 3251 952 3322 componeret,
975 3249 1103 3325 singulis

93 3338 260 3396 actionibus
280 3342 362 3395 certa
379 3335 501 3394 nomina
516 3336 587 3394 deta
602 3354 666 3394 esse
680 3335 828 3395 videntur.
861 3336 914 3412 qui
928 3335 1104 3396 Servienam

92 3426 240 3485 actionem
271 3426 440 3501 nominant,
472 3424 505 3482 hi
536 3425 598 3482 fere
627 3427 709 3482 sunt:
742 3425 880 3483 Iulianus
907 3425 1102 3502 Digestorum

87 3512 168 3571 iibro
195 3534 276 3574 nono
304 3505 353 3595 (D.
381 3516 435 3591 13,
457 3514 523 3592 7,8
554 3512 586 3571 Ρ.
607 3503 684 3594 175)
713 3515 743 3571 et
770 3513 847 3573 libro
874 3514 1104 3591 quadragesimo
