2422 3840
96 160 140 223 44
175 160 221 215 IV.
244 159 388 214 SEPTIMI
406 159 505 215 SAEO.
519 158 615 215 IURIS
631 157 802 214 CONSULT.
818 157 942 214 SERIES
957 157 1104 214 ALTERA

96 328 253 404 actionem,
275 327 415 387 videlicet
434 327 461 386 si
478 327 533 386 hoc
551 327 722 404 pepigisset,
742 329 785 405 ut,
802 326 860 385 nisi
879 326 907 385 ei
925 326 1103 403 obsequium

94 419 262 494 praestaret
284 417 419 487 libertus,
445 416 477 473 in
500 417 673 476 societatem
691 415 902 475 admitteretur
918 407 1102 496 patronus'),

94 507 239 565 bonorum
257 505 468 581 venditionem,
486 507 522 563 ut
539 504 700 581 ferebatur,
719 507 750 563 et
766 523 876 566 novam
895 504 1022 564 actionis
1040 522 1103 580 spe·

94 595 177 671 ciem,
195 593 382 654 Rutilianam
400 595 505 668 postea
523 593 715 670 nominatam,
734 593 900 651 introduxit
919 585 1000 672 (Gai.
1015 595 1046 670 4,
1062 593 1101 653 35

95 677 246 742 ‘similiter
264 686 295 742 et
313 684 457 742 bonorum
472 687 587 757 emptor
599 681 669 740 ficto
685 699 715 740 se
729 681 838 741 herede
852 681 925 759 agit,
945 681 998 740 sed
1011 681 1102 742 inter·

95 773 167 831 dum
186 775 217 830 et
235 772 293 831 alio
312 770 399 830 modo
418 789 508 847 agere
527 771 613 830 solet.
644 789 714 829 narn
733 789 769 828 ex
786 788 914 845 persona
932 770 997 829 eius
1016 771 1100 831 cuins

94 855 173 920 bona
195 860 309 931 emerit,
332 862 453 934 sumpta
475 859 639 923 intentione
661 859 808 919 convertit
827 857 1101 919 condemnationem

94 951 126 1008 in
149 967 234 1007 suam
252 966 417 1025 personam,
440 947 471 1005 id
490 949 590 1006 estut
609 947 688 1024 quod
705 947 788 1006 illius
807 950 887 1007 esset
904 949 954 1007 vel
971 947 1020 1006 illi
1038 947 1102 1008 dari
1144 990 1146 1015 ;

96 1039 256 1114 oporteret,
279 1054 313 1095 eo
336 1036 456 1095 nomine
477 1036 665 1096 adversarius
688 1035 758 1094 huic
776 1035 1003 1113 condemnetur,
1027 1055 1102 1113 quae
1139 1032 1146 1057 '¹

96 1125 208 1202 species
222 1124 347 1184 actionis
362 1124 533 1201 appellatur
546 1125 710 1202 Rutiliana,
727 1125 797 1200 quia
811 1143 829 1183 a
841 1127 982 1200 praetore
996 1124 1102 1185 Publio

95 1215 219 1291 Rutilio,
241 1215 294 1289 qui
317 1217 348 1272 et
370 1214 516 1273 bonorum
539 1213 742 1273 venditionem
763 1212 964 1272 introduxisse
986 1213 1103 1291 dicitur,

97 1305 259 1379 conparata
286 1294 374 1384 est'),
401 1301 533 1385 denique
550 1301 722 1361 Rutilianae
750 1301 973 1363 constitutionis
999 1307 1104 1363 auctor

96 1392 216 1451 videtur
234 1409 308 1468 esse,
327 1391 411 1450 cuius
430 1393 640 1468 argumentum
654 1391 803 1450 nescimus
818 1385 900 1470 (Vct.
912 1391 948 1449 fr.
963 1391 983 1466 ᾖ
996 1395 1013 1450 1
1036 1384 1104 1460 ‘Qui

97 1499 115 1539 a
132 1479 259 1538 muliere
279 1480 341 1538 sine
360 1479 471 1539 tutoris
490 1480 669 1538 auctoritate
688 1480 783 1538 sciens
801 1498 865 1538 rem
884 1479 1014 1555 mancipi
1033 1479 1104 1540 emit

96 1568 144 1627 vel
168 1568 244 1627 falso
267 1572 369 1627 tutore
393 1570 514 1627 auctore
538 1586 627 1642 quem
646 1568 714 1627 sciit
731 1587 792 1627 non
810 1586 884 1645 esse,
906 1586 966 1627 non
984 1568 1104 1628 videtur

96 1656 250 1716 bonafide
270 1656 376 1716 emisse
395 1698 447 1716 ...
465 1656 600 1715 Iulianus
618 1660 743 1733 propter
755 1656 942 1715 Rutilianam
960 1658 1105 1716 constitu·

95 1745 208 1803 tionem
226 1764 304 1823 eum,
327 1745 378 1822 qui
396 1745 527 1821 pretium
544 1745 664 1804 mulieri
683 1745 822 1822 dedisset,
843 1789 871 1804 ..
889 1763 1057 1822 usucapere
1075 1748 1105 1805 et

96 1833 122 1892 si
141 1837 210 1892 ante
228 1834 442 1910 usucapionem
461 1834 566 1893 offerat
579 1834 687 1892 mulier
700 1834 868 1910 pecuniam,
887 1832 1022 1894 desinere
1037 1853 1106 1894 eum

95 1916 295 2003 usucapere').
331 1922 368 1982 de
391 1922 450 1982 alio
469 1922 501 1981 P.
515 1923 630 1983 Rutilio
650 1923 764 2000 cogitat
783 1922 923 1982 Karlowa
936 1922 969 1982 II
987 1944 1014 1999 p.
1031 1925 1105 1984 405.

502 2126 696 2202 Responsa.
801 2138 803 2142 ’

186 2242 243 2310 Cic.
259 2251 344 2309 Brut.
361 2252 423 2308 113
448 2243 539 2307 ‘idem
560 2268 702 2325 magnum
720 2267 827 2308 munus
847 2248 882 2308 de
901 2249 965 2308 iure
984 2267 1107 2326 respou-

97 2340 185 2399 dendi
204 2331 392 2398 sustinebat'.
428 2356 573 2413 responsa
590 2356 687 2413 pauca
705 2341 832 2416 exstant,
854 2337 913 2397 duo
932 2338 969 2397 de
988 2338 1107 2418 legatis,

95 2447 190 2486 unum
218 2427 254 2485 de
281 2427 448 2486 vicinorum
470 2426 547 2507 iure,
576 2445 646 2485 nam
667 2426 815 2502 Rutilius,
843 2426 948 2502 quiin
971 2426 1107 2505 Digestis

96 2517 251 2592 laudatur,
283 2533 337 2574 cur
368 2534 427 2575 non
459 2513 507 2574 hic
533 2514 565 2574 P.
592 2514 725 2574 Rutilius
756 2515 911 2574 habendus
942 2515 994 2593 sit,
1027 2518 1109 2593 quod

98 2605 152 2664 Th.
180 2604 346 2750 ldgmmsen
377 2603 479 2681 Symb.
501 2604 794 2692 ‘BethmeHollweg
823 2603 880 2662 obl.
908 2623 936 2679 p.
961 2606 1001 2664 92
1029 2606 1108 2680 vult,

95 2713 154 2753 non
177 2713 207 2752 vr
229 2711 272 2752 eo.

186 2805 229 2868 1².
248 2801 286 2866 D.
297 2804 348 2882 33,
359 2803 418 2884 9,3
433 2804 493 2884 §a
526 2801 684 2886 Ulpianus
701 2803 784 2867 libro
798 2802 951 2868 vicesimo
965 2804 1107 2871 secundo

98 2893 137 2957 ad
158 2889 313 2956 Sabinum
332 2890 381 2976 (P.
395 2889 508 2978 2641).
526 2891 684 2975 —Ligna
702 2895 736 2956 et
754 2891 908 2956 carbones
928 2895 1108 2978 ceteraque,

96 3002 154 3065 per
184 3002 266 3064 quae
295 3003 398 3064 penus
428 2981 651 3063 conficeretur,
681 3002 723 3044 an
752 2980 865 3063 penori
892 2980 1001 3062 legato
1032 3002 1107 3047 con·

96 3068 275 3153 tineentur,
301 3069 522 3154 quaeritaret
546 3067 684 3144 Quintus
707 3066 833 3134 Mucius
857 3070 890 3132 et
913 3066 1029 3134 Ofilius
1052 3091 1107 3135 ne·

98 3165 255 3242 gaverunt
362 3159 418 3222 sed
440 3157 582 3222 Rutilius
613 3161 645 3222 et
671 3158 763 3242 ligna
788 3162 822 3221 et
845 3155 1001 3222 carbones
1025 3179 1107 3243 quae

97 3269 162 3311 non
186 3246 342 3311 vendendi
366 3268 463 3311 causa
485 3251 602 3329 parata
626 3252 714 3331 sunt,
737 3245 896 3311 contineri
920 3246 974 3309 ait.

187 3332 229 3400 lb.
265 3333 345 3399 Gall.
368 3335 495 3417 4,1‚2.
526 3371 564 3380 —
593 3333 700 3418 Ligna
728 3356 854 3418 quoque
882 3337 915 3397 et
940 3335 1050 3419 virgas
1074 3340 1108 3399 et

98 3425 253 3489 carbones
290 3424 406 3508 quibus
444 3422 651 3487 conficeretur
685 3445 800 3506 penus,
837 3421 1029 3506 quibusdam
1062 3424 1109 3488 ait

95 3517 152 3596 (sc.
177 3512 339 3577 Masurius
364 3508 516 3598 Sabinus)
541 3511 643 3576 videri
665 3534 736 3577 esse
758 3514 795 3576 in
815 3533 912 3596 penu.
