<?xml version="1.0" encoding="UTF-8"?>
<!DOCTYPE html PUBLIC "-//W3C//DTD XHTML 1.0 Transitional//EN"
    "http://www.w3.org/TR/xhtml1/DTD/xhtml1-transitional.dtd">
<html xmlns="http://www.w3.org/1999/xhtml" xml:lang="en" lang="en">
 <head>
  <title>
</title>
<meta http-equiv="Content-Type" content="text/html;charset=utf-8" />
  <meta name='ocr-system' content='tesseract 3.04.00' />
  <meta name='ocr-capabilities' content='ocr_page ocr_carea ocr_par ocr_line ocrx_word'/>
</head>
<body>
  <div class='ocr_page' id='page_1' title='image "./iurisprudentiae00bremgoog_0365.png"; bbox 0 0 2422 3840; ppageno 0'>
   <div class='ocr_carea' id='block_1_1' title="bbox 132 150 1145 218">
    <p class='ocr_par' dir='ltr' id='par_1_1' title="bbox 132 150 1145 218">
     <span class='ocr_line' id='line_1_1' title="bbox 132 150 1145 218; baseline -0.008 -8"><span class='ocrx_word' id='word_1_1' title='bbox 132 153 197 218; x_wconf 80' lang='grc'>352</span> <span class='ocrx_word' id='word_1_2' title='bbox 224 154 298 209; x_wconf 89' lang='lat' dir='ltr'>VIII.</span> <span class='ocrx_word' id='word_1_3' title='bbox 314 153 448 208; x_wconf 81' lang='lat' dir='ltr'>OCTAVI</span> <span class='ocrx_word' id='word_1_4' title='bbox 464 152 562 208; x_wconf 73' lang='lat' dir='ltr'>stac.</span> <span class='ocrx_word' id='word_1_5' title='bbox 572 152 668 207; x_wconf 85' lang='lat' dir='ltr'><strong>IURIS</strong></span> <span class='ocrx_word' id='word_1_6' title='bbox 684 151 857 208; x_wconf 70' lang='lat' dir='ltr'>dossum.</span> <span class='ocrx_word' id='word_1_7' title='bbox 868 151 994 206; x_wconf 72' lang='lat' dir='ltr'>saletas</span> <span class='ocrx_word' id='word_1_8' title='bbox 1008 150 1145 204; x_wconf 81' lang='lat' dir='ltr'><strong>TERTIA</strong></span> 
     </span>
    </p>
   </div>
   <div class='ocr_carea' id='block_1_2' title="bbox 120 315 1146 3603">
    <p class='ocr_par' dir='ltr' id='par_1_2' title="bbox 132 315 1145 2171">
     <span class='ocr_line' id='line_1_2' title="bbox 224 315 1143 398; baseline -0.003 -17"><span class='ocrx_word' id='word_1_9' title='bbox 224 321 345 382; x_wconf 89' lang='lat' dir='ltr'><strong>Ofilium</strong></span> <span class='ocrx_word' id='word_1_10' title='bbox 369 315 416 380; x_wconf 73' lang='lat' dir='ltr'>‘de</span> <span class='ocrx_word' id='word_1_11' title='bbox 439 320 505 380; x_wconf 90' lang='lat' dir='ltr'>iure</span> <span class='ocrx_word' id='word_1_12' title='bbox 529 321 610 382; x_wconf 79' lang='lat' dir='ltr'>civili</span> <span class='ocrx_word' id='word_1_13' title='bbox 629 320 774 396; x_wconf 91' lang='lat' dir='ltr'>plurimos</span> <span class='ocrx_word' id='word_1_14' title='bbox 792 320 886 380; x_wconf 92' lang='lat' dir='ltr'>libros</span> <span class='ocrx_word' id='word_1_15' title='bbox 905 323 935 379; x_wconf 88' lang='grc'>61</span> <span class='ocrx_word' id='word_1_16' title='bbox 954 321 1006 398; x_wconf 93' lang='lat' dir='ltr'>qui</span> <span class='ocrx_word' id='word_1_17' title='bbox 1025 339 1143 379; x_wconf 90' lang='lat' dir='ltr'>omnem</span> 
     </span>
     <span class='ocr_line' id='line_1_3' title="bbox 133 404 1145 488; baseline -0.002 -18"><span class='ocrx_word' id='word_1_18' title='bbox 133 413 250 488; x_wconf 91' lang='lat' dir='ltr'>partem</span> <span class='ocrx_word' id='word_1_19' title='bbox 269 411 368 487; x_wconf 90' lang='lat' dir='ltr'>operis</span> <span class='ocrx_word' id='word_1_20' title='bbox 386 404 559 469; x_wconf 90' lang='lat' dir='ltr'>fundarent&#39;</span> <span class='ocrx_word' id='word_1_21' title='bbox 579 409 737 487; x_wconf 78' lang='lat' dir='ltr'>reliquisse</span> <span class='ocrx_word' id='word_1_22' title='bbox 757 408 940 485; x_wconf 85' lang='lat' dir='ltr'>Pomponius</span> <span class='ocrx_word' id='word_1_23' title='bbox 960 409 978 468; x_wconf 88' lang='lat' dir='ltr'>l.</span> <span class='ocrx_word' id='word_1_24' title='bbox 997 427 1021 469; x_wconf 93' lang='grc'>6.</span> <span class='ocrx_word' id='word_1_25' title='bbox 1040 409 1145 468; x_wconf 89' lang='lat' dir='ltr'>tradit.</span> 
     </span>
     <span class='ocr_line' id='line_1_4' title="bbox 132 498 1145 576; baseline -0.002 -18"><span class='ocrx_word' id='word_1_26' title='bbox 132 501 234 576; x_wconf 89' lang='lat' dir='ltr'>itaque</span> <span class='ocrx_word' id='word_1_27' title='bbox 266 519 334 559; x_wconf 91' lang='lat' dir='ltr'>eum</span> <span class='ocrx_word' id='word_1_28' title='bbox 367 499 458 558; x_wconf 87' lang='lat' dir='ltr'>etiam</span> <span class='ocrx_word' id='word_1_29' title='bbox 489 498 528 558; x_wconf 90' lang='lat' dir='ltr'>ad</span> <span class='ocrx_word' id='word_1_30' title='bbox 559 498 627 557; x_wconf 88' lang='lat' dir='ltr'>illas</span> <span class='ocrx_word' id='word_1_31' title='bbox 654 499 736 575; x_wconf 83' lang='lat' dir='ltr'>leges</span> <span class='ocrx_word' id='word_1_32' title='bbox 764 498 857 557; x_wconf 89' lang='lat' dir='ltr'>libros</span> <span class='ocrx_word' id='word_1_33' title='bbox 886 498 1040 572; x_wconf 78' lang='lat' dir='ltr'>scripsisse</span> <span class='ocrx_word' id='word_1_34' title='bbox 1067 498 1145 556; x_wconf 87' lang='lat' dir='ltr'>nihil</span> 
     </span>
     <span class='ocr_line' id='line_1_5' title="bbox 133 585 1145 664; baseline -0.002 -17"><span class='ocrx_word' id='word_1_35' title='bbox 133 592 180 647; x_wconf 93' lang='lat' dir='ltr'>est</span> <span class='ocrx_word' id='word_1_36' title='bbox 203 589 283 664; x_wconf 89' lang='lat' dir='ltr'>quod</span> <span class='ocrx_word' id='word_1_37' title='bbox 305 589 462 646; x_wconf 87' lang='lat' dir='ltr'>miremur:</span> <span class='ocrx_word' id='word_1_38' title='bbox 485 588 533 647; x_wconf 83' lang='lat' dir='ltr'>vel</span> <span class='ocrx_word' id='word_1_39' title='bbox 557 585 727 646; x_wconf 79' lang='lat' dir='ltr'>Caracallus</span> <span class='ocrx_word' id='word_1_40' title='bbox 750 587 800 647; x_wconf 85' lang='lat' dir='ltr'>vel</span> <span class='ocrx_word' id='word_1_41' title='bbox 824 586 986 646; x_wconf 80' lang='lat' dir='ltr'>Alexandri</span> <span class='ocrx_word' id='word_1_42' title='bbox 1008 589 1145 663; x_wconf 91' lang='lat' dir='ltr'>tempore</span> 
     </span>
     <span class='ocr_line' id='line_1_6' title="bbox 132 671 1144 754; baseline -0.002 -19"><span class='ocrx_word' id='word_1_43' title='bbox 132 677 296 735; x_wconf 88' lang='lat' dir='ltr'>Aemilium</span> <span class='ocrx_word' id='word_1_44' title='bbox 322 677 457 735; x_wconf 89' lang='lat' dir='ltr'>Macrum</span> <span class='ocrx_word' id='word_1_45' title='bbox 488 671 541 733; x_wconf 72' lang='lat' dir='ltr'>‘ad</span> <span class='ocrx_word' id='word_1_46' title='bbox 568 676 667 754; x_wconf 84' lang='lat' dir='ltr'>legem</span> <span class='ocrx_word' id='word_1_47' title='bbox 693 676 884 736; x_wconf 81' lang='lat' dir='ltr'>vicensimam</span> <span class='ocrx_word' id='word_1_48' title='bbox 912 671 1144 734; x_wconf 87' lang='lat' dir='ltr'>hereditatium&#39;</span> 
     </span>
     <span class='ocr_line' id='line_1_7' title="bbox 132 754 1145 846; baseline -0.001 -22"><span class='ocrx_word' id='word_1_49' title='bbox 132 766 225 825; x_wconf 91' lang='lat' dir='ltr'>libros</span> <span class='ocrx_word' id='word_1_50' title='bbox 244 765 318 825; x_wconf 90' lang='lat' dir='ltr'>duos</span> <span class='ocrx_word' id='word_1_51' title='bbox 338 764 491 840; x_wconf 83' lang='lat' dir='ltr'>scripsisse</span> <span class='ocrx_word' id='word_1_52' title='bbox 510 767 615 824; x_wconf 89' lang='lat' dir='ltr'>notum</span> <span class='ocrx_word' id='word_1_53' title='bbox 634 766 680 823; x_wconf 89' lang='lat' dir='ltr'>est</span> <span class='ocrx_word' id='word_1_54' title='bbox 699 758 745 846; x_wconf 83' lang='lat' dir='ltr'>(P.</span> <span class='ocrx_word' id='word_1_55' title='bbox 760 754 916 846; x_wconf 83' lang='lat'>45-49).</span> <span class='ocrx_word' id='word_1_56' title='bbox 954 783 1022 823; x_wconf 93' lang='lat' dir='ltr'>eum</span> <span class='ocrx_word' id='word_1_57' title='bbox 1042 767 1145 823; x_wconf 90' lang='lat' dir='ltr'>autem</span> 
     </span>
     <span class='ocr_line' id='line_1_8' title="bbox 132 853 1145 931; baseline 0 -20"><span class='ocrx_word' id='word_1_58' title='bbox 132 855 263 930; x_wconf 90' lang='lat' dir='ltr'>primum</span> <span class='ocrx_word' id='word_1_59' title='bbox 294 855 370 913; x_wconf 90' lang='lat' dir='ltr'>hanc</span> <span class='ocrx_word' id='word_1_60' title='bbox 401 873 466 912; x_wconf 92' lang='lat' dir='ltr'>rem</span> <span class='ocrx_word' id='word_1_61' title='bbox 497 853 686 931; x_wconf 85' lang='lat' dir='ltr'>tractavisse,</span> <span class='ocrx_word' id='word_1_62' title='bbox 720 872 779 913; x_wconf 89' lang='lat' dir='ltr'>non</span> <span class='ocrx_word' id='word_1_63' title='bbox 810 853 898 912; x_wconf 92' lang='lat' dir='ltr'>modo</span> <span class='ocrx_word' id='word_1_64' title='bbox 924 853 1042 911; x_wconf 92' lang='lat' dir='ltr'>nullum</span> <span class='ocrx_word' id='word_1_65' title='bbox 1069 853 1145 911; x_wconf 88' lang='lat' dir='ltr'>indi-</span> 
     </span>
     <span class='ocr_line' id='line_1_9' title="bbox 134 934 1144 1025; baseline 0 -23"><span class='ocrx_word' id='word_1_66' title='bbox 134 942 214 1002; x_wconf 82' lang='lat' dir='ltr'>cium</span> <span class='ocrx_word' id='word_1_67' title='bbox 242 945 301 1021; x_wconf 89' lang='lat' dir='ltr'>est,</span> <span class='ocrx_word' id='word_1_68' title='bbox 329 942 382 1002; x_wconf 91' lang='lat' dir='ltr'>sed</span> <span class='ocrx_word' id='word_1_69' title='bbox 409 941 560 1002; x_wconf 80' lang='lat' dir='ltr'>refellitur</span> <span class='ocrx_word' id='word_1_70' title='bbox 584 942 679 1019; x_wconf 90' lang='lat' dir='ltr'>ipsius</span> <span class='ocrx_word' id='word_1_71' title='bbox 702 941 800 1002; x_wconf 90' lang='lat' dir='ltr'>verbis</span> <span class='ocrx_word' id='word_1_72' title='bbox 823 942 870 1001; x_wconf 94' lang='lat' dir='ltr'>his</span> <span class='ocrx_word' id='word_1_73' title='bbox 895 934 946 1022; x_wconf 88' lang='lat' dir='ltr'>(D.</span> <span class='ocrx_word' id='word_1_74' title='bbox 962 943 1012 1017; x_wconf 86' lang='lat'>35,</span> <span class='ocrx_word' id='word_1_75' title='bbox 1028 944 1056 1018; x_wconf 79' lang='lat'>2,</span> <span class='ocrx_word' id='word_1_76' title='bbox 1073 936 1144 1025; x_wconf 83' lang='grc'>68);</span> 
     </span>
     <span class='ocr_line' id='line_1_10' title="bbox 133 1026 1145 1107; baseline 0.002 -18"><span class='ocrx_word' id='word_1_77' title='bbox 133 1026 267 1106; x_wconf 73' lang='lat' dir='ltr'>‘quidam</span> <span class='ocrx_word' id='word_1_78' title='bbox 285 1037 395 1107; x_wconf 88' lang='lat' dir='ltr'>putant</span> <span class='ocrx_word' id='word_1_79' title='bbox 411 1077 418 1091; x_wconf 93' lang='lat'><strong>.</strong></span> <span class='ocrx_word' id='word_1_80' title='bbox 435 1079 440 1091; x_wconf 95' lang='lat'><strong>.</strong></span> <span class='ocrx_word' id='word_1_81' title='bbox 456 1078 462 1090; x_wconf 90' lang='lat'><strong>.</strong></span> <span class='ocrx_word' id='word_1_82' title='bbox 481 1033 666 1090; x_wconf 79' lang='lat' dir='ltr'>uicensimum</span> <span class='ocrx_word' id='word_1_83' title='bbox 682 1050 742 1090; x_wconf 92' lang='lat' dir='ltr'>non</span> <span class='ocrx_word' id='word_1_84' title='bbox 755 1048 842 1106; x_wconf 91' lang='lat' dir='ltr'>posse</span> <span class='ocrx_word' id='word_1_85' title='bbox 856 1030 987 1100; x_wconf 81' lang='lat' dir='ltr'>retineri,</span> <span class='ocrx_word' id='word_1_86' title='bbox 1007 1077 1049 1091; x_wconf 88' lang='lat'>...</span> <span class='ocrx_word' id='word_1_87' title='bbox 1064 1033 1145 1107; x_wconf 91' lang='lat' dir='ltr'>quod</span> 
     </span>
     <span class='ocr_line' id='line_1_11' title="bbox 133 1113 1145 1198; baseline 0.002 -20"><span class='ocrx_word' id='word_1_88' title='bbox 133 1120 281 1196; x_wconf 85' lang='lat' dir='ltr'>Ulpianus</span> <span class='ocrx_word' id='word_1_89' title='bbox 313 1122 393 1178; x_wconf 88' lang='lat' dir='ltr'>recte</span> <span class='ocrx_word' id='word_1_90' title='bbox 420 1113 590 1194; x_wconf 87' lang='lat' dir='ltr'>improbat’.</span> <span class='ocrx_word' id='word_1_91' title='bbox 641 1119 798 1194; x_wconf 90' lang='lat' dir='ltr'>Pomponii</span> <span class='ocrx_word' id='word_1_92' title='bbox 825 1137 895 1180; x_wconf 83' lang='lat' dir='ltr'>vero</span> <span class='ocrx_word' id='word_1_93' title='bbox 924 1119 1016 1178; x_wconf 90' lang='lat' dir='ltr'>verba</span> <span class='ocrx_word' id='word_1_94' title='bbox 1045 1113 1145 1198; x_wconf 72' lang='lat' dir='ltr'>‘leges</span> 
     </span>
     <span class='ocr_line' id='line_1_12' title="bbox 133 1200 1144 1289; baseline -0.001 -20"><span class='ocrx_word' id='word_1_95' title='bbox 133 1202 322 1269; x_wconf 87' lang='lat' dir='ltr'>vicensimae&#39;</span> <span class='ocrx_word' id='word_1_96' title='bbox 347 1208 535 1283; x_wconf 84' lang='lat' dir='ltr'>explicantur</span> <span class='ocrx_word' id='word_1_97' title='bbox 558 1207 595 1266; x_wconf 92' lang='lat' dir='ltr'>iis</span> <span class='ocrx_word' id='word_1_98' title='bbox 618 1226 694 1283; x_wconf 86' lang='lat' dir='ltr'>quae</span> <span class='ocrx_word' id='word_1_99' title='bbox 713 1209 794 1284; x_wconf 89' lang='lat' dir='ltr'>apud</span> <span class='ocrx_word' id='word_1_100' title='bbox 814 1207 922 1266; x_wconf 86' lang='lat' dir='ltr'>Gaium</span> <span class='ocrx_word' id='word_1_101' title='bbox 942 1200 1144 1289; x_wconf 82' lang='lat' dir='ltr'>(3,125)le-</span> 
     </span>
     <span class='ocr_line' id='line_1_13' title="bbox 134 1290 1144 1376; baseline 0.002 -20"><span class='ocrx_word' id='word_1_102' title='bbox 134 1300 248 1376; x_wconf 77' lang='lat' dir='ltr'>grmtur</span> <span class='ocrx_word' id='word_1_103' title='bbox 271 1291 349 1372; x_wconf 73' lang='lat' dir='ltr'>‘lege</span> <span class='ocrx_word' id='word_1_104' title='bbox 372 1291 474 1374; x_wconf 87' lang='lat' dir='ltr'>&lt;Iulia</span> <span class='ocrx_word' id='word_1_105' title='bbox 497 1293 554 1374; x_wconf 92' lang='lat' dir='ltr'>de&gt;</span> <span class='ocrx_word' id='word_1_106' title='bbox 577 1295 719 1357; x_wconf 90' lang='lat' dir='ltr'>vicesima</span> <span class='ocrx_word' id='word_1_107' title='bbox 740 1290 975 1356; x_wconf 86' lang='lat' dir='ltr'>hereditatium’.</span> <span class='ocrx_word' id='word_1_108' title='bbox 1019 1297 1055 1357; x_wconf 86' lang='lat' dir='ltr'>cf.</span> <span class='ocrx_word' id='word_1_109' title='bbox 1074 1297 1144 1358; x_wconf 89' lang='lat' dir='ltr'>Vat.</span> 
     </span>
     <span class='ocr_line' id='line_1_14' title="bbox 133 1377 1145 1466; baseline 0 -22"><span class='ocrx_word' id='word_1_110' title='bbox 133 1387 170 1445; x_wconf 84' lang='lat' dir='ltr'>fr.</span> <span class='ocrx_word' id='word_1_111' title='bbox 187 1388 248 1446; x_wconf 82' lang='lat'>197</span> <span class='ocrx_word' id='word_1_112' title='bbox 271 1377 384 1466; x_wconf 85' lang='lat' dir='ltr'>(Ulp.):</span> <span class='ocrx_word' id='word_1_113' title='bbox 409 1380 427 1444; x_wconf 58' lang='grc' dir='ltr'>ἵ</span> <span class='ocrx_word' id='word_1_114' title='bbox 444 1431 450 1444; x_wconf 92' lang='grc'><strong>.</strong></span> <span class='ocrx_word' id='word_1_115' title='bbox 469 1385 535 1461; x_wconf 83' lang='lat' dir='ltr'>lege</span> <span class='ocrx_word' id='word_1_116' title='bbox 553 1384 631 1443; x_wconf 89' lang='lat' dir='ltr'>Iulia</span> <span class='ocrx_word' id='word_1_117' title='bbox 655 1385 690 1444; x_wconf 92' lang='lat' dir='ltr'>de</span> <span class='ocrx_word' id='word_1_118' title='bbox 714 1385 889 1443; x_wconf 77' lang='lat' dir='ltr'>maritandis</span> <span class='ocrx_word' id='word_1_119' title='bbox 914 1384 1068 1445; x_wconf 83' lang='lat' dir='ltr'>ordinibus</span> <span class='ocrx_word' id='word_1_120' title='bbox 1093 1431 1145 1447; x_wconf 84' lang='grc'>...</span> 
     </span>
     <span class='ocr_line' id='line_1_15' title="bbox 135 1465 1145 1555; baseline 0 -21"><span class='ocrx_word' id='word_1_121' title='bbox 135 1481 165 1534; x_wconf 92' lang='grc'>61</span> <span class='ocrx_word' id='word_1_122' title='bbox 183 1475 372 1551; x_wconf 87' lang='lat' dir='ltr'>publicorum</span> <span class='ocrx_word' id='word_1_123' title='bbox 391 1465 445 1555; x_wconf 88' lang='lat' dir='ltr'>(sc.</span> <span class='ocrx_word' id='word_1_124' title='bbox 460 1466 652 1551; x_wconf 89' lang='lat' dir='ltr'>iudiciorum)</span> <span class='ocrx_word' id='word_1_125' title='bbox 671 1474 774 1549; x_wconf 78' lang='lat' dir='ltr'>kapite</span> <span class='ocrx_word' id='word_1_126' title='bbox 793 1474 891 1532; x_wconf 84' lang='lat' dir='ltr'>XXVI</span> <span class='ocrx_word' id='word_1_127' title='bbox 909 1476 940 1532; x_wconf 91' lang='lat' dir='ltr'>et</span> <span class='ocrx_word' id='word_1_128' title='bbox 957 1474 1145 1550; x_wconf 84' lang='lat' dir='ltr'>privatorum</span> 
     </span>
     <span class='ocr_line' id='line_1_16' title="bbox 134 1555 1145 1639; baseline 0.002 -17"><span class='ocrx_word' id='word_1_129' title='bbox 134 1563 237 1638; x_wconf 81' lang='lat' dir='ltr'>kapite</span> <span class='ocrx_word' id='word_1_130' title='bbox 264 1562 425 1623; x_wconf 83' lang='lat' dir='ltr'>vicensimo</span> <span class='ocrx_word' id='word_1_131' title='bbox 448 1561 509 1620; x_wconf 90' lang='lat' dir='ltr'>VII</span> <span class='ocrx_word' id='word_1_132' title='bbox 532 1608 561 1623; x_wconf 88' lang='lat'>..</span> <span class='ocrx_word' id='word_1_133' title='bbox 585 1555 728 1623; x_wconf 85' lang='lat' dir='ltr'>cavetur&#39;.</span> <span class='ocrx_word' id='word_1_134' title='bbox 774 1561 949 1638; x_wconf 84' lang='lat' dir='ltr'>exigebatur</span> <span class='ocrx_word' id='word_1_135' title='bbox 973 1563 1145 1639; x_wconf 85' lang='lat' dir='ltr'>vicensima,</span> 
     </span>
     <span class='ocr_line' id='line_1_17' title="bbox 134 1650 1144 1729; baseline 0.003 -20"><span class='ocrx_word' id='word_1_136' title='bbox 134 1655 168 1710; x_wconf 90' lang='lat' dir='ltr'>ut</span> <span class='ocrx_word' id='word_1_137' title='bbox 190 1651 319 1724; x_wconf 85' lang='lat' dir='ltr'>videtur,</span> <span class='ocrx_word' id='word_1_138' title='bbox 342 1650 379 1710; x_wconf 90' lang='lat' dir='ltr'>ab</span> <span class='ocrx_word' id='word_1_139' title='bbox 403 1652 520 1729; x_wconf 81' lang='lat' dir='ltr'>herede,</span> <span class='ocrx_word' id='word_1_140' title='bbox 543 1651 595 1727; x_wconf 90' lang='lat' dir='ltr'>qui</span> <span class='ocrx_word' id='word_1_141' title='bbox 617 1651 771 1728; x_wconf 85' lang='lat' dir='ltr'>legatariis</span> <span class='ocrx_word' id='word_1_142' title='bbox 795 1670 860 1710; x_wconf 92' lang='lat' dir='ltr'>eam</span> <span class='ocrx_word' id='word_1_143' title='bbox 884 1652 1051 1711; x_wconf 89' lang='lat' dir='ltr'>deducebat</span> <span class='ocrx_word' id='word_1_144' title='bbox 1073 1672 1144 1714; x_wconf 83' lang='lat' dir='ltr'>eove</span> 
     </span>
     <span class='ocr_line' id='line_1_18' title="bbox 133 1735 1144 1818; baseline 0.001 -18"><span class='ocrx_word' id='word_1_145' title='bbox 133 1740 252 1800; x_wconf 90' lang='lat' dir='ltr'>nomine</span> <span class='ocrx_word' id='word_1_146' title='bbox 267 1742 340 1800; x_wconf 89' lang='lat' dir='ltr'>satis</span> <span class='ocrx_word' id='word_1_147' title='bbox 355 1740 529 1816; x_wconf 89' lang='lat' dir='ltr'>accipiebat.</span> <span class='ocrx_word' id='word_1_148' title='bbox 557 1759 591 1799; x_wconf 97' lang='lat' dir='ltr'>eo</span> <span class='ocrx_word' id='word_1_149' title='bbox 605 1742 755 1816; x_wconf 87' lang='lat' dir='ltr'>pertinere</span> <span class='ocrx_word' id='word_1_150' title='bbox 770 1740 862 1799; x_wconf 87' lang='lat' dir='ltr'>Lenel</span> <span class='ocrx_word' id='word_1_151' title='bbox 877 1735 954 1818; x_wconf 86' lang='lat' dir='ltr'>(Pal.</span> <span class='ocrx_word' id='word_1_152' title='bbox 969 1740 1000 1798; x_wconf 96' lang='lat' dir='ltr'>in</span> <span class='ocrx_word' id='word_1_153' title='bbox 1013 1740 1144 1802; x_wconf 87' lang='lat' dir='ltr'>Aemilio</span> 
     </span>
     <span class='ocr_line' id='line_1_19' title="bbox 133 1822 1145 1910; baseline 0.001 -22"><span class='ocrx_word' id='word_1_154' title='bbox 133 1829 233 1889; x_wconf 88' lang='lat' dir='ltr'>Macro</span> <span class='ocrx_word' id='word_1_155' title='bbox 254 1822 353 1910; x_wconf 84' lang='lat'>4911.)</span> <span class='ocrx_word' id='word_1_156' title='bbox 373 1829 482 1889; x_wconf 88' lang='lat' dir='ltr'>conicit</span> <span class='ocrx_word' id='word_1_157' title='bbox 501 1829 720 1907; x_wconf 75' lang='lat' dir='ltr'>satisdationes,</span> <span class='ocrx_word' id='word_1_158' title='bbox 740 1848 866 1906; x_wconf 89' lang='lat' dir='ltr'>quarum</span> <span class='ocrx_word' id='word_1_159' title='bbox 884 1829 996 1888; x_wconf 90' lang='lat' dir='ltr'>mentio</span> <span class='ocrx_word' id='word_1_160' title='bbox 1015 1830 1050 1890; x_wconf 90' lang='lat' dir='ltr'>fit</span> <span class='ocrx_word' id='word_1_161' title='bbox 1064 1831 1145 1906; x_wconf 87' lang='lat' dir='ltr'>apud</span> 
     </span>
     <span class='ocr_line' id='line_1_20' title="bbox 135 1912 1144 1997; baseline 0.001 -19"><span class='ocrx_word' id='word_1_162' title='bbox 135 1917 242 1978; x_wconf 81' lang='lat' dir='ltr'>Gaium</span> <span class='ocrx_word' id='word_1_163' title='bbox 264 1918 284 1976; x_wconf 90' lang='lat' dir='ltr'>l.</span> <span class='ocrx_word' id='word_1_164' title='bbox 303 1920 323 1978; x_wconf 94' lang='lat' dir='ltr'>l.</span> <span class='ocrx_word' id='word_1_165' title='bbox 347 1912 429 1996; x_wconf 73' lang='lat' dir='ltr'>‘lege</span> <span class='ocrx_word' id='word_1_166' title='bbox 454 1913 554 1995; x_wconf 82' lang='lat' dir='ltr'>&lt;Iulia</span> <span class='ocrx_word' id='word_1_167' title='bbox 576 1913 634 1997; x_wconf 78' lang='lat' dir='ltr'>de&gt;</span> <span class='ocrx_word' id='word_1_168' title='bbox 657 1919 798 1978; x_wconf 87' lang='lat' dir='ltr'>vicesima</span> <span class='ocrx_word' id='word_1_169' title='bbox 820 1917 1035 1976; x_wconf 90' lang='lat' dir='ltr'>hereditatium</span> <span class='ocrx_word' id='word_1_170' title='bbox 1058 1938 1144 1979; x_wconf 88' lang='lat' dir='ltr'>cave·</span> 
     </span>
     <span class='ocr_line' id='line_1_21' title="bbox 133 2006 1145 2086; baseline 0 -20"><span class='ocrx_word' id='word_1_171' title='bbox 133 2010 192 2086; x_wconf 90' lang='lat' dir='ltr'>tur,</span> <span class='ocrx_word' id='word_1_172' title='bbox 215 2009 250 2066; x_wconf 87' lang='lat' dir='ltr'>ut</span> <span class='ocrx_word' id='word_1_173' title='bbox 273 2006 311 2065; x_wconf 90' lang='lat' dir='ltr'>ad</span> <span class='ocrx_word' id='word_1_174' title='bbox 334 2025 384 2066; x_wconf 90' lang='lat' dir='ltr'>eas</span> <span class='ocrx_word' id='word_1_175' title='bbox 405 2007 616 2066; x_wconf 88' lang='lat' dir='ltr'>satisdationes</span> <span class='ocrx_word' id='word_1_176' title='bbox 636 2026 711 2084; x_wconf 89' lang='lat' dir='ltr'>quae</span> <span class='ocrx_word' id='word_1_177' title='bbox 731 2027 767 2066; x_wconf 88' lang='lat' dir='ltr'>ex</span> <span class='ocrx_word' id='word_1_178' title='bbox 786 2022 822 2066; x_wconf 90' lang='lat' dir='ltr'>ea</span> <span class='ocrx_word' id='word_1_179' title='bbox 840 2006 907 2084; x_wconf 87' lang='lat' dir='ltr'>lege</span> <span class='ocrx_word' id='word_1_180' title='bbox 926 2013 1145 2085; x_wconf 90' lang='lat' dir='ltr'>proponuntur,</span> 
     </span>
     <span class='ocr_line' id='line_1_22' title="bbox 133 2089 615 2171; baseline 0.002 -17"><span class='ocrx_word' id='word_1_181' title='bbox 133 2096 182 2155; x_wconf 86' lang='lat' dir='ltr'>lex</span> <span class='ocrx_word' id='word_1_182' title='bbox 205 2094 343 2155; x_wconf 84' lang='lat' dir='ltr'>Cornelia</span> <span class='ocrx_word' id='word_1_183' title='bbox 366 2114 425 2155; x_wconf 91' lang='lat' dir='ltr'>non</span> <span class='ocrx_word' id='word_1_184' title='bbox 447 2089 615 2171; x_wconf 88' lang='lat' dir='ltr'>pertineat&#39;.</span> 
     </span>
    </p>

    <p class='ocr_par' dir='ltr' id='par_1_3' title="bbox 120 2182 1146 3603">
     <span class='ocr_line' id='line_1_23' title="bbox 223 2182 1145 2262; baseline 0.002 -19"><span class='ocrx_word' id='word_1_185' title='bbox 223 2182 345 2243; x_wconf 89' lang='lat' dir='ltr'>Ofilium</span> <span class='ocrx_word' id='word_1_186' title='bbox 367 2187 431 2243; x_wconf 88' lang='lat' dir='ltr'>tam</span> <span class='ocrx_word' id='word_1_187' title='bbox 453 2185 551 2262; x_wconf 84' lang='lat' dir='ltr'>legem</span> <span class='ocrx_word' id='word_1_188' title='bbox 570 2184 605 2242; x_wconf 94' lang='lat' dir='ltr'>de</span> <span class='ocrx_word' id='word_1_189' title='bbox 624 2184 786 2243; x_wconf 85' lang='lat' dir='ltr'>vicensima</span> <span class='ocrx_word' id='word_1_190' title='bbox 804 2183 1025 2262; x_wconf 88' lang='lat' dir='ltr'>hereditatium,</span> <span class='ocrx_word' id='word_1_191' title='bbox 1049 2185 1080 2243; x_wconf 93' lang='lat' dir='ltr'>id</span> <span class='ocrx_word' id='word_1_192' title='bbox 1099 2188 1145 2245; x_wconf 91' lang='grc'>661</span> 
     </span>
     <span class='ocr_line' id='line_1_24' title="bbox 135 2265 1144 2352; baseline 0.002 -20"><span class='ocrx_word' id='word_1_193' title='bbox 135 2274 231 2351; x_wconf 84' lang='lat' dir='ltr'>legem</span> <span class='ocrx_word' id='word_1_194' title='bbox 253 2272 417 2333; x_wconf 83' lang='lat' dir='ltr'>Voconiam</span> <span class='ocrx_word' id='word_1_195' title='bbox 436 2265 600 2352; x_wconf 83' lang='lat' dir='ltr'>(Bachofen</span> <span class='ocrx_word' id='word_1_196' title='bbox 618 2272 833 2348; x_wconf 78' lang='lat' dir='ltr'>Ausgewthlte</span> <span class='ocrx_word' id='word_1_197' title='bbox 851 2272 970 2332; x_wconf 88' lang='lat' dir='ltr'>Lehren</span> <span class='ocrx_word' id='word_1_198' title='bbox 993 2274 1046 2332; x_wconf 91' lang='lat' dir='ltr'>des</span> <span class='ocrx_word' id='word_1_199' title='bbox 1069 2282 1144 2335; x_wconf 71' lang='lat' dir='ltr'>rom.</span> 
     </span>
     <span class='ocr_line' id='line_1_25' title="bbox 135 2353 1145 2442; baseline 0.001 -20"><span class='ocrx_word' id='word_1_200' title='bbox 135 2361 312 2422; x_wconf 75' lang='lat' dir='ltr'>Civilrechts</span> <span class='ocrx_word' id='word_1_201' title='bbox 338 2361 368 2421; x_wconf 84' lang='lat' dir='ltr'>S.</span> <span class='ocrx_word' id='word_1_202' title='bbox 388 2353 520 2442; x_wconf 71' lang='grc'><strong>32211),</strong></span> <span class='ocrx_word' id='word_1_203' title='bbox 548 2380 637 2437; x_wconf 88' lang='lat' dir='ltr'>quam</span> <span class='ocrx_word' id='word_1_204' title='bbox 665 2362 762 2438; x_wconf 85' lang='lat' dir='ltr'>legem</span> <span class='ocrx_word' id='word_1_205' title='bbox 789 2363 825 2420; x_wconf 90' lang='lat' dir='ltr'>de</span> <span class='ocrx_word' id='word_1_206' title='bbox 853 2361 1016 2422; x_wconf 76' lang='lat' dir='ltr'>vicensima</span> <span class='ocrx_word' id='word_1_207' title='bbox 1039 2382 1145 2422; x_wconf 89' lang='lat' dir='ltr'>manu-</span> 
     </span>
     <span class='ocr_line' id='line_1_26' title="bbox 134 2442 1146 2530; baseline 0.003 -22"><span class='ocrx_word' id='word_1_208' title='bbox 134 2450 285 2510; x_wconf 92' lang='lat' dir='ltr'>missionis</span> <span class='ocrx_word' id='word_1_209' title='bbox 303 2469 322 2508; x_wconf 89' lang='lat' dir='ltr'>a</span> <span class='ocrx_word' id='word_1_210' title='bbox 340 2448 391 2509; x_wconf 81' lang='lat' dir='ltr'>Cn.</span> <span class='ocrx_word' id='word_1_211' title='bbox 405 2449 517 2509; x_wconf 88' lang='lat' dir='ltr'>Manlio</span> <span class='ocrx_word' id='word_1_212' title='bbox 536 2450 631 2508; x_wconf 88' lang='lat' dir='ltr'>latam</span> <span class='ocrx_word' id='word_1_213' title='bbox 645 2442 836 2529; x_wconf 88' lang='lat' dir='ltr'>(Marquardt</span> <span class='ocrx_word' id='word_1_214' title='bbox 851 2449 1146 2530; x_wconf 84' lang='lat' dir='ltr'>Staatsverwaltung</span> 
     </span>
     <span class='ocr_line' id='line_1_27' title="bbox 133 2531 1143 2623; baseline 0.004 -26"><span class='ocrx_word' id='word_1_215' title='bbox 133 2531 178 2597; x_wconf 76' lang='lat' dir='ltr'>Il2</span> <span class='ocrx_word' id='word_1_216' title='bbox 201 2538 230 2598; x_wconf 78' lang='lat' dir='ltr'>S.</span> <span class='ocrx_word' id='word_1_217' title='bbox 251 2541 311 2598; x_wconf 89' lang='lat'>161</span> <span class='ocrx_word' id='word_1_218' title='bbox 324 2543 343 2597; x_wconf 83' lang='lat' dir='ltr'>f.</span> <span class='ocrx_word' id='word_1_219' title='bbox 388 2538 560 2598; x_wconf 81' lang='lat' dir='ltr'>Hirschfeld</span> <span class='ocrx_word' id='word_1_220' title='bbox 587 2537 971 2616; x_wconf 83' lang='lat' dir='ltr'>Verwaltungsgesohichte</span> <span class='ocrx_word' id='word_1_221' title='bbox 994 2539 1009 2597; x_wconf 95' lang='lat' dir='ltr'>I</span> <span class='ocrx_word' id='word_1_222' title='bbox 1036 2540 1064 2600; x_wconf 84' lang='lat' dir='ltr'>S.</span> <span class='ocrx_word' id='word_1_223' title='bbox 1086 2536 1143 2623; x_wconf 88' lang='grc'>88)</span> 
     </span>
     <span class='ocr_line' id='line_1_28' title="bbox 134 2627 1143 2704; baseline 0.004 -18"><span class='ocrx_word' id='word_1_224' title='bbox 134 2627 219 2686; x_wconf 90' lang='lat' dir='ltr'>libris</span> <span class='ocrx_word' id='word_1_225' title='bbox 243 2627 304 2687; x_wconf 89' lang='lat' dir='ltr'>suis</span> <span class='ocrx_word' id='word_1_226' title='bbox 325 2629 470 2688; x_wconf 81' lang='lat' dir='ltr'>tractasse</span> <span class='ocrx_word' id='word_1_227' title='bbox 489 2630 571 2703; x_wconf 89' lang='lat' dir='ltr'>puto.</span> <span class='ocrx_word' id='word_1_228' title='bbox 612 2627 771 2704; x_wconf 88' lang='lat' dir='ltr'>Bachosen,</span> <span class='ocrx_word' id='word_1_229' title='bbox 795 2629 847 2704; x_wconf 89' lang='lat' dir='ltr'>qui</span> <span class='ocrx_word' id='word_1_230' title='bbox 864 2628 884 2686; x_wconf 90' lang='lat' dir='ltr'>l.</span> <span class='ocrx_word' id='word_1_231' title='bbox 899 2646 922 2686; x_wconf 87' lang='lat' dir='ltr'>c.</span> <span class='ocrx_word' id='word_1_232' title='bbox 942 2648 970 2703; x_wconf 95' lang='lat' dir='ltr'>p.</span> <span class='ocrx_word' id='word_1_233' title='bbox 987 2631 1049 2689; x_wconf 83' lang='lat'>326</span> <span class='ocrx_word' id='word_1_234' title='bbox 1071 2633 1143 2690; x_wconf 90' lang='lat' dir='ltr'>scri-</span> 
     </span>
     <span class='ocr_line' id='line_1_29' title="bbox 134 2714 1144 2791; baseline 0.006 -17"><span class='ocrx_word' id='word_1_235' title='bbox 134 2717 191 2774; x_wconf 87' lang='lat' dir='ltr'>bit:</span> <span class='ocrx_word' id='word_1_236' title='bbox 220 2716 279 2791; x_wconf 81' lang='lat' dir='ltr'>„Es</span> <span class='ocrx_word' id='word_1_237' title='bbox 302 2716 377 2776; x_wconf 87' lang='lat' dir='ltr'>wird</span> <span class='ocrx_word' id='word_1_238' title='bbox 401 2759 429 2774; x_wconf 89' lang='lat'>..</span> <span class='ocrx_word' id='word_1_239' title='bbox 453 2715 612 2788; x_wconf 86' lang='lat' dir='ltr'>bericbtet,</span> <span class='ocrx_word' id='word_1_240' title='bbox 636 2717 704 2775; x_wconf 89' lang='lat' dir='ltr'>dass</span> <span class='ocrx_word' id='word_1_241' title='bbox 728 2714 834 2776; x_wconf 89' lang='lat' dir='ltr'>Ofilius</span> <span class='ocrx_word' id='word_1_242' title='bbox 857 2736 894 2774; x_wconf 85' lang='lat' dir='ltr'>zu</span> <span class='ocrx_word' id='word_1_243' title='bbox 917 2717 975 2774; x_wconf 88' lang='lat' dir='ltr'>den</span> <span class='ocrx_word' id='word_1_244' title='bbox 998 2715 1144 2780; x_wconf 79' lang='lat' dir='ltr'>Gesetzen</span> 
     </span>
     <span class='ocr_line' id='line_1_30' title="bbox 134 2802 1143 2887; baseline 0.005 -24"><span class='ocrx_word' id='word_1_245' title='bbox 134 2805 207 2863; x_wconf 84' lang='lat' dir='ltr'>uber</span> <span class='ocrx_word' id='word_1_246' title='bbox 222 2805 268 2863; x_wconf 92' lang='lat' dir='ltr'>die</span> <span class='ocrx_word' id='word_1_247' title='bbox 283 2804 605 2864; x_wconf 85' lang='lat' dir='ltr'>Erbsohaftssteuer</span> <span class='ocrx_word' id='word_1_248' title='bbox 620 2802 826 2864; x_wconf 89' lang='lat' dir='ltr'>Commentare</span> <span class='ocrx_word' id='word_1_249' title='bbox 845 2805 1037 2882; x_wconf 85' lang='lat' dir='ltr'>geschrieben</span> <span class='ocrx_word' id='word_1_250' title='bbox 1051 2808 1143 2887; x_wconf 73' lang='lat' dir='ltr'>habe,</span> 
     </span>
     <span class='ocr_line' id='line_1_31' title="bbox 134 2890 1143 2958; baseline 0.004 -6"><span class='ocrx_word' id='word_1_251' title='bbox 134 2896 224 2952; x_wconf 81' lang='lat' dir='ltr'>unter</span> <span class='ocrx_word' id='word_1_252' title='bbox 251 2892 353 2952; x_wconf 88' lang='lat' dir='ltr'>diesen</span> <span class='ocrx_word' id='word_1_253' title='bbox 381 2890 523 2952; x_wconf 83' lang='lat' dir='ltr'>Gesetzen</span> <span class='ocrx_word' id='word_1_254' title='bbox 551 2900 651 2953; x_wconf 76' lang='lat' dir='ltr'>wdren</span> <span class='ocrx_word' id='word_1_255' title='bbox 677 2913 740 2951; x_wconf 92' lang='lat' dir='ltr'>nun</span> <span class='ocrx_word' id='word_1_256' title='bbox 766 2893 853 2952; x_wconf 87' lang='lat' dir='ltr'>hcine</span> <span class='ocrx_word' id='word_1_257' title='bbox 882 2894 994 2952; x_wconf 91' lang='lat' dir='ltr'>andern</span> <span class='ocrx_word' id='word_1_258' title='bbox 1016 2915 1051 2953; x_wconf 87' lang='lat' dir='ltr'>zu</span> <span class='ocrx_word' id='word_1_259' title='bbox 1075 2917 1143 2958; x_wconf 76' lang='lat' dir='ltr'>rer-</span> 
     </span>
     <span class='ocr_line' id='line_1_32' title="bbox 136 2980 1142 3060; baseline 0.003 -18"><span class='ocrx_word' id='word_1_260' title='bbox 136 2983 248 3060; x_wconf 85' lang='lat' dir='ltr'>stehen,</span> <span class='ocrx_word' id='word_1_261' title='bbox 272 2983 316 3041; x_wconf 89' lang='lat' dir='ltr'>als</span> <span class='ocrx_word' id='word_1_262' title='bbox 340 2983 394 3042; x_wconf 86' lang='lat' dir='ltr'>das</span> <span class='ocrx_word' id='word_1_263' title='bbox 412 2982 596 3042; x_wconf 89' lang='lat' dir='ltr'>Voconische</span> <span class='ocrx_word' id='word_1_264' title='bbox 621 2983 682 3041; x_wconf 89' lang='lat' dir='ltr'>und</span> <span class='ocrx_word' id='word_1_265' title='bbox 706 2982 759 3041; x_wconf 90' lang='lat' dir='ltr'>das</span> <span class='ocrx_word' id='word_1_266' title='bbox 778 3001 836 3042; x_wconf 82' lang='lat' dir='ltr'>von</span> <span class='ocrx_word' id='word_1_267' title='bbox 855 2980 946 3041; x_wconf 73' lang='lat' dir='ltr'>Cesar</span> <span class='ocrx_word' id='word_1_268' title='bbox 965 2984 1059 3043; x_wconf 90' lang='lat' dir='ltr'>selbst</span> <span class='ocrx_word' id='word_1_269' title='bbox 1078 2991 1142 3046; x_wconf 90' lang='lat' dir='ltr'>ent·</span> 
     </span>
     <span class='ocr_line' id='line_1_33' title="bbox 134 3067 1144 3149; baseline 0.005 -19"><span class='ocrx_word' id='word_1_270' title='bbox 134 3067 291 3149; x_wconf 85' lang='lat' dir='ltr'>worfene“,</span> <span class='ocrx_word' id='word_1_271' title='bbox 318 3071 349 3129; x_wconf 90' lang='lat' dir='ltr'>id</span> <span class='ocrx_word' id='word_1_272' title='bbox 377 3074 457 3131; x_wconf 88' lang='lat' dir='ltr'>certe</span> <span class='ocrx_word' id='word_1_273' title='bbox 482 3068 592 3130; x_wconf 90' lang='lat' dir='ltr'>mirum</span> <span class='ocrx_word' id='word_1_274' title='bbox 615 3089 679 3130; x_wconf 90' lang='lat' dir='ltr'>esse</span> <span class='ocrx_word' id='word_1_275' title='bbox 703 3071 828 3130; x_wconf 85' lang='lat' dir='ltr'>iudicat:</span> <span class='ocrx_word' id='word_1_276' title='bbox 855 3071 942 3143; x_wconf 85' lang='lat' dir='ltr'>„dass</span> <span class='ocrx_word' id='word_1_277' title='bbox 970 3072 1043 3130; x_wconf 84' lang='lat' dir='ltr'>dber</span> <span class='ocrx_word' id='word_1_278' title='bbox 1071 3077 1144 3135; x_wconf 87' lang='lat' dir='ltr'>zwei</span> 
     </span>
     <span class='ocr_line' id='line_1_34' title="bbox 136 3158 1142 3234; baseline 0.004 -14"><span class='ocrx_word' id='word_1_279' title='bbox 136 3158 257 3220; x_wconf 81' lang='lat' dir='ltr'>Gesetze</span> <span class='ocrx_word' id='word_1_280' title='bbox 286 3160 373 3219; x_wconf 91' lang='lat' dir='ltr'>sollte</span> <span class='ocrx_word' id='word_1_281' title='bbox 402 3161 592 3220; x_wconf 88' lang='lat' dir='ltr'>commentirt</span> <span class='ocrx_word' id='word_1_282' title='bbox 619 3160 740 3220; x_wconf 87' lang='lat' dir='ltr'>worden</span> <span class='ocrx_word' id='word_1_283' title='bbox 768 3160 843 3234; x_wconf 90' lang='lat' dir='ltr'>sein,</span> <span class='ocrx_word' id='word_1_284' title='bbox 866 3178 972 3219; x_wconf 83' lang='lat' dir='ltr'>wovon</span> <span class='ocrx_word' id='word_1_285' title='bbox 997 3160 1051 3220; x_wconf 92' lang='lat' dir='ltr'>das</span> <span class='ocrx_word' id='word_1_286' title='bbox 1076 3164 1142 3224; x_wconf 88' lang='lat' dir='ltr'>eine</span> 
     </span>
     <span class='ocr_line' id='line_1_35' title="bbox 135 3247 1144 3326; baseline 0.008 -20"><span class='ocrx_word' id='word_1_287' title='bbox 135 3250 236 3326; x_wconf 75' lang='lat' dir='ltr'>ltngst</span> <span class='ocrx_word' id='word_1_288' title='bbox 263 3268 365 3309; x_wconf 89' lang='lat' dir='ltr'>ausser</span> <span class='ocrx_word' id='word_1_289' title='bbox 390 3247 559 3325; x_wconf 83' lang='lat' dir='ltr'>Gebrauch,</span> <span class='ocrx_word' id='word_1_290' title='bbox 588 3248 640 3308; x_wconf 85' lang='lat' dir='ltr'>das</span> <span class='ocrx_word' id='word_1_291' title='bbox 669 3248 777 3307; x_wconf 89' lang='lat' dir='ltr'>andere</span> <span class='ocrx_word' id='word_1_292' title='bbox 806 3247 877 3306; x_wconf 88' lang='lat' dir='ltr'>aber</span> <span class='ocrx_word' id='word_1_293' title='bbox 895 3248 1057 3322; x_wconf 89' lang='lat' dir='ltr'>jedenfalls</span> <span class='ocrx_word' id='word_1_294' title='bbox 1081 3258 1144 3314; x_wconf 90' lang='lat' dir='ltr'>erst</span> 
     </span>
     <span class='ocr_line' id='line_1_36' title="bbox 135 3328 1144 3418; baseline 0.007 -23"><span class='ocrx_word' id='word_1_295' title='bbox 135 3337 183 3397; x_wconf 92' lang='lat' dir='ltr'>ein</span> <span class='ocrx_word' id='word_1_296' title='bbox 206 3338 348 3398; x_wconf 85' lang='lat' dir='ltr'>Entwurf</span> <span class='ocrx_word' id='word_1_297' title='bbox 368 3334 448 3399; x_wconf 85' lang='lat' dir='ltr'>war“</span> <span class='ocrx_word' id='word_1_298' title='bbox 472 3333 512 3418; x_wconf 89' lang='lat' dir='ltr'>(p.</span> <span class='ocrx_word' id='word_1_299' title='bbox 534 3331 621 3414; x_wconf 79' lang='lat'>327).</span> <span class='ocrx_word' id='word_1_300' title='bbox 664 3340 696 3396; x_wconf 89' lang='lat' dir='ltr'>at</span> <span class='ocrx_word' id='word_1_301' title='bbox 719 3355 796 3414; x_wconf 90' lang='lat' dir='ltr'>quae</span> <span class='ocrx_word' id='word_1_302' title='bbox 819 3337 882 3412; x_wconf 90' lang='lat' dir='ltr'>ipse</span> <span class='ocrx_word' id='word_1_303' title='bbox 908 3328 1059 3415; x_wconf 82' lang='lat' dir='ltr'>supponit,</span> <span class='ocrx_word' id='word_1_304' title='bbox 1082 3361 1144 3402; x_wconf 93' lang='lat' dir='ltr'>non</span> 
     </span>
     <span class='ocr_line' id='line_1_37' title="bbox 134 3426 1143 3503; baseline 0.008 -20"><span class='ocrx_word' id='word_1_305' title='bbox 134 3427 266 3500; x_wconf 90' lang='lat' dir='ltr'>placent:</span> <span class='ocrx_word' id='word_1_306' title='bbox 284 3445 344 3484; x_wconf 93' lang='lat' dir='ltr'>non</span> <span class='ocrx_word' id='word_1_307' title='bbox 363 3427 450 3487; x_wconf 91' lang='lat' dir='ltr'>modo</span> <span class='ocrx_word' id='word_1_308' title='bbox 470 3427 505 3486; x_wconf 92' lang='lat' dir='ltr'>de</span> <span class='ocrx_word' id='word_1_309' title='bbox 522 3427 685 3487; x_wconf 83' lang='lat' dir='ltr'>vicensima</span> <span class='ocrx_word' id='word_1_310' title='bbox 698 3426 919 3503; x_wconf 88' lang='lat' dir='ltr'>hereditatium,</span> <span class='ocrx_word' id='word_1_311' title='bbox 939 3446 1029 3503; x_wconf 87' lang='lat' dir='ltr'>quam</span> <span class='ocrx_word' id='word_1_312' title='bbox 1043 3429 1143 3492; x_wconf 90' lang='lat' dir='ltr'>Iulius</span> 
     </span>
     <span class='ocr_line' id='line_1_38' title="bbox 120 3508 1144 3603; baseline 0.012 -36"><span class='ocrx_word' id='word_1_313' title='bbox 120 3511 241 3571; x_wconf 75' lang='lat' dir='ltr'>Caesar</span> <span class='ocrx_word' id='word_1_314' title='bbox 254 3515 429 3576; x_wconf 85' lang='lat' dir='ltr'>instaurare</span> <span class='ocrx_word' id='word_1_315' title='bbox 449 3516 507 3576; x_wconf 92' lang='lat' dir='ltr'>sibi</span> <span class='ocrx_word' id='word_1_316' title='bbox 525 3517 724 3592; x_wconf 87' lang='lat' dir='ltr'>proposuerat</span> <span class='ocrx_word' id='word_1_317' title='bbox 744 3508 908 3594; x_wconf 73' lang='lat' dir='ltr'>(Baohofen</span> <span class='ocrx_word' id='word_1_318' title='bbox 926 3515 944 3574; x_wconf 94' lang='lat' dir='ltr'>l.</span> <span class='ocrx_word' id='word_1_319' title='bbox 961 3535 985 3574; x_wconf 89' lang='lat' dir='ltr'>c.</span> <span class='ocrx_word' id='word_1_320' title='bbox 1007 3537 1036 3592; x_wconf 92' lang='lat' dir='ltr'>p.</span> <span class='ocrx_word' id='word_1_321' title='bbox 1052 3514 1144 3603; x_wconf 80' lang='lat'>326),</span> 
     </span>
    </p>
   </div>
   <div class='ocr_carea' id='block_1_3' title="bbox 0 0 1218 3840">
    <p class='ocr_par' dir='ltr' id='par_1_4' title="bbox 0 0 1218 3840">
     <span class='ocr_line' id='line_1_39' title="bbox 0 0 1218 3840; baseline 0 0"><span class='ocrx_word' id='word_1_322' title='bbox 0 0 1218 3840; x_wconf 95' lang='lat' dir='ltr'> </span> 
     </span>
    </p>
   </div>
  </div>
 </body>
</html>
