2422 3840
96 161 139 225 96
176 159 222 216 lV.
242 159 389 214 SEPTIMI
404 159 502 215 SAEC.
517 157 944 215 qulscousunr.shs1as
959 157 1104 213 ALTERA

185 325 232 387 2⁰.
249 303 290 388 J.
308 322 477 404 ΙΙΙ,25,2.
511 323 559 388 ΙΙΙ
578 323 634 388 illa
653 344 729 387 sane
748 322 961 387 conventione
961 321 1104 475 tquaesi·

96 417 166 476 tum
191 417 250 491 est,
277 413 304 476 si
327 411 486 476 Titiuset
509 410 672 476 Seins't
622 434 656 476 1n
658 415 707 475 ter
731 433 764 475 se
787 412 876 494 pacti
900 413 985 494 sunt,
1007 410 1105 476 utad

98 501 162 565 'Pit
138 507 219 565 t1um
242 462 324 565 Ιιιοιὶ
347 501 428 564 duae
451 504 560 585 partes
584 500 782 584 pertineant,
755 500 914 565 tdamni
937 432 1045 583 tertii,
1069 500 1104 565 ad

98 588 206 654 Seium
230 589 310 653 duae
333 593 443 674 partes
467 589 590 672 damni,
615 590 695 653 lucri
718 588 826 670 tertia,
852 611 892 653 an
915 593 990 653 rata
1013 588 1105 654 debet

97 678 209 742 haberi
246 679 426 744 conventio.
482 677 620 754 Quintus
652 677 778 742 Mucius
811 682 924 743 eontra
955 681 1104 743 naturam

98 768 263 832 societatis
291 768 389 831 talem
416 767 599 851 pactionem
628 788 698 831 esse
726 766 924 831 existimavit
951 770 986 830 et
1010 767 1053 831 ob
1075 766 1105 831 id

96 878 162 920 non
196 877 266 920 esse
292 861 398 920 ratam
427 855 617 919 hahendam.
668 854 797 920 Servius
826 853 989 940 Sulpicius
1017 856 1104 920 euius

98 946 258 1009 sententia
281 944 476 1029 praevaluit,
500 948 613 1009 eontra
636 945 735 1008 sentit
756 945 809 1010 rel.

126 1061 128 1065 ¹
186 1036 215 1100 3.
239 1032 278 1098 D.
299 1034 349 1116 17,
368 1034 397 1115 2,
418 1035 446 1114 7,
465 1033 485 1096 9
509 1037 542 1096 et
566 1034 618 1097 11.
653 1030 813 1116 Ulpianus
834 1033 920 1097 libro
938 1032 1104 1118 trigesimo

98 1122 137 1186 ad
166 1121 321 1187 Sabinum
344 1120 395 1206 (P.
415 1119 547 1208 273912).
575 1170 607 1187 ..
635 1121 662 1185 si
689 1143 754 1186 non
782 1120 881 1186 fuerit
907 1121 1105 1204 distinctum,

97 1211 223 1276 videtur
240 1211 325 1275 coita
340 1232 409 1274 esse
424 1210 649 1276 universorum
663 1231 744 1295 quae
759 1233 798 1275 ex
813 1214 949 1294 quaestu
963 1211 1105 1293 veniunt,

97 1300 159 1364 hoc
174 1305 224 1364 est
238 1300 265 1364 si
280 1300 366 1383 quod
380 1300 504 1363 lucrum
517 1321 556 1363 ex
567 1300 726 1383 emptione
737 1300 930 1383 venditione,
944 1299 1105 1366 locatione

98 1389 309 1453 conductione
328 1388 499 1452 descendit
532 1409 591 1452 nec
605 1388 727 1452 adiecit
741 1387 879 1453 Sabinus
893 1388 1105 1454 hereditatem

98 1479 148 1540 vel
163 1479 305 1561 legatum
320 1479 369 1540 vel
384 1477 574 1542 donationes
590 1478 704 1543 mortis
720 1500 818 1542 causa
832 1476 899 1542 sive
912 1499 981 1542 non
993 1478 1105 1542 mortis

98 1586 194 1629 causa
284 1570 316 1628 et
335 1568 381 1629 ita
400 1565 438 1629 de
457 1566 633 1630 hereditate
654 1567 764 1650 legato
779 1566 955 1632 donatione
970 1565 1105 1641 Quintus

96 1654 221 1719 Mucius
241 1654 360 1719 scribit.

503 1766 611 1825 Liber
633 1766 697 1826 XV.

360 1885 407 1942 Dc
429 1883 583 1957 foederatis
606 1887 631 1941 et
653 1883 688 1942 de
709 1883 843 1941 hostibus.

184 1999 314 2058 Mucium
338 2018 398 2057 non
421 1998 508 2058 modo
533 1998 568 2056 de
589 1996 737 2075 hostibus,
761 1997 924 2056 sedetiam
949 1997 987 2056 de
1008 1997 1105 2057 foede-

97 2086 172 2146 ratis
190 2087 298 2166 egisse,
315 2087 473 2163 Pomponii
491 2086 562 2145 libri
578 2086 725 2161 trigesimi
740 2085 862 2162 septimi
875 2085 913 2144 ad
928 2085 961 2156 Q.
974 2086 1108 2146 Mucium

96 2178 299 2254 fragmentum
327 2175 371 2250 (P.
396 2171 475 2251 319)
506 2175 627 2234 videtur
653 2174 792 2234 indicare.
843 2173 945 2251 itaque
973 2175 1107 2235 Mucium

96 2265 152 2325 hoe
179 2268 243 2324 loco
270 2264 406 2340 inprimis
433 2263 468 2321 dc
491 2262 706 2339 reciperationc
731 2266 762 2322 et
784 2263 820 2322 de
842 2264 1115 2339 recuperatoribus.

97 2353 206 2412 dixisse
239 2352 334 2412 conici
365 2352 444 2410 licet.
494 2351 531 2410 cf.
559 2350 679 2410 Gallum
706 2351 828 2410 Aelium
858 2351 939 2427 apud
966 2346 1051 2413 Fest.
1079 2373 1106 2413 v.

94 2441 271 2517 reciperatio
294 2461 322 2516 p.
335 2442 415 2520 274.

186 2545 214 2606 1.
249 2540 287 2606 D.
315 2541 371 2624 50,
398 2542 505 2626 7,18.
556 2541 754 2625 Pomponius
791 2542 875 2607 libro
911 2541 1106 2627 trigessimo

96 2631 234 2713 septimo
263 2630 303 2694 ad
332 2628 486 2704 Quintum
513 2629 655 2694 Mucium
685 2629 732 2712 (P.
752 2628 842 2715 320).
947 2652 1020 2695 eum
1050 2632 1107 2716 qui

95 2721 239 2803 legatum
280 2719 455 2804 pulsasset,
496 2717 637 2794 Quintus
674 2719 799 2784 Mucius
835 2719 909 2783 dedi
945 2719 1109 2803 hostibuS,

98 2829 234 2891 quorum
259 2812 351 2871 erant
372 2807 485 2893 legati,
509 2808 624 2872 solitus
649 2812 699 2872 est
720 2808 921 2892 respondere.

185 2898 215 2961 2.
234 2895 273 2960 Ι).
287 2897 340 2981 49,
356 2896 406 2977 15,
420 2898 450 2962 4.
479 2897 681 2961 Modestinus
696 2896 781 2962 libro
796 2898 892 2961 tertio
906 2897 1108 2981 Regularum

95 2981 144 3072 (P.
165 2983 254 3071 208).
295 3008 349 3050 eos
373 2986 428 3070 qui
452 2986 491 3050 ab
515 2986 663 3050 hostibus
687 2987 858 3070 capiuntur
881 2986 932 3050 vel
955 2986 1108 3052 hostibus

96 3073 267 3157 deduntur,
299 3075 368 3138 iure
401 3079 476 3157 post
462 3074 594 3139 tliminii
621 3077 738 3139 reverti
713 3075 906 3160 ttantiqui
907 3097 944 3138 us
972 3076 1107 3159 placuit

184 3165 214 3229 3.
238 3161 349 3229 Cicero
369 3163 447 3247 Top.
467 3164 497 3248 8,
511 3165 625 3229 37.-
645 3161 845 3229 Scaevola..
864 3162 899 3229 P.
918 3163 939 3228 f.
958 3163 1106 3229 iunctum

96 3273 164 3316 esse
191 3256 285 3336 putat
271 3253 507 3334 tverhum,u
510 3253 593 3316 stit
616 3253 649 3316 in
674 3275 711 3317 eo
735 3256 768 3317 et
791 3251 888 3337 post'
913 3255 945 3315 et
968 3249 1107 3317 limen'.

95 3344 132 3404 ut
155 3363 236 3424 quae
260 3364 280 3405 a
302 3341 396 3405 nohis
418 3303 539 3405 alienat
525 3345 568 3424 ΙΙ,
592 3363 662 3405 cum
683 3341 723 3404 ad
742 3341 817 3406 host
803 3345 868 3405 tem
887 3343 1106 3426 pervenerint,

95 3451 135 3493 ex
159 3451 215 3495 suo
235 3434 390 3514 tanquam
411 3430 521 3493 limine
541 3430 686 3515 exierint,
709 3451 746 3494 ea
765 3453 837 3494 oum
855 3429 1011 3495 redierint
1028 3434 1106 3516 post

97 3519 135 3581 ad
159 3518 244 3582 idem
269 3519 376 3603 limen,
399 3520 599 3602 postliminio
623 3480 742 3583 redisse
768 3519 943 3585 videantur.
