2422 3840
147 157 211 222 196
248 160 294 217 VI.
317 158 452 214 OCTAVI
468 158 571 216 SAEO.
589 158 687 215 rums
707 158 884 217 CONSULT.
899 159 1140 216 sumserint

241 322 387 408 idemque
419 324 480 387 eit:
596 320 749 388 Alienum
777 323 915 408 denique
942 323 1080 405 scribere
1106 324 1140 388 ait

136 411 308 495 ‘possefflite
326 413 392 497 agi:
415 413 466 476 ius
484 411 533 476 illi
552 433 616 476 non
634 432 705 477 esse
722 411 757 476 in
777 433 834 476 suo
853 411 999 496 lapidem
1018 413 1139 495 caedere,

147 504 183 563 ut
206 501 238 564 in
263 522 369 565 meum
392 499 526 565 fundum
549 500 737 584 fragmenta
757 500 885 565 cedent

235 603 331 664 Seruii
353 620 528 680 responsum
551 621 615 662 esse
638 605 748 679 potest.

235 704 300 768 92?
322 703 358 770 D.
373 706 402 787 8,
417 705 511 790 2,16.
540 703 661 768 Paulus
681 705 765 769 libro
785 704 926 771 secundo
942 705 1138 789 epitomamur

147 792 257 857 Alfeni
280 792 489 878 Digestorum
513 789 563 880 (P.
581 792 649 877 42).
689 792 813 857 Lumen
835 792 868 858 id
892 797 951 876 est,
974 797 1013 859 ut
1034 793 1138 858 caelum

147 881 318 963 videretur,
341 886 374 946 et
395 883 530 947 interest
551 883 637 946 inter
660 881 770 946 lumen
789 885 821 946 et
838 886 1059 966 prospectum:
1079 904 1138 946 nem

146 973 337 1055 prospectus
364 971 463 1036 etium
490 993 532 1036 ex
559 970 765 1035 inferioribus
793 970 872 1036 loeis
895 975 961 1055 est,
988 971 1093 1036 lumen
1110 991 1137 1034 er

146 1060 298 1125 inferiore
321 1061 392 1125 loeo
413 1082 485 1125 esse
508 1081 575 1124 non
597 1063 716 1144 potest

236 1163 284 1220 An
307 1161 403 1222 Servii
425 1180 600 1238 responsum
625 1162 732 1240 subsit,
755 1161 883 1221 dubium
905 1165 960 1222 est

237 1272 289 1338 93.
321 1270 360 1336 D.
375 1272 404 1352 8,
418 1273 448 1353 2,
463 1272 514 1337 33.
552 1270 671 1336 Paulus
694 1271 779 1337 libro
802 1272 915 1356 quinto
941 1272 1137 1357 epitomerun

149 1359 256 1426 Alfeni
283 1358 492 1445 Digestorum
525 1358 573 1447 (P.
593 1357 664 1447 68).
714 1358 798 1424 Eum
832 1359 948 1425 debere
975 1360 1138 1426 columnam

150 1450 329 1532 restituere,
353 1471 433 1533 quae
458 1471 537 1512 onus
561 1449 739 1514 vicinarum
763 1448 889 1514 aedium
909 1449 1047 1533 ferebat,
1068 1449 1138 1514 euius

150 1540 258 1601 essent
285 1537 379 1601 sedes
404 1555 484 1620 quse
507 1539 678 1622 servirent,
705 1556 771 1602 non
795 1559 881 1620 eum,
909 1540 964 1623 qui
987 1540 1139 1621 imponere

150 1625 259 1690 vellet.
304 1646 380 1690 num
408 1648 480 1690 oum
507 1626 540 1690 in
563 1627 636 1710 lege
657 1626 787 1690 sedium
809 1627 857 1692 ita
880 1628 1039 1711 scriptum
1061 1633 1140 1691 esset:

151 1714 270 1798 ‘paries
290 1716 379 1779 oneri
397 1714 534 1779 ferundo
553 1716 601 1779 uti
618 1732 704 1778 nuno
723 1719 782 1797 est,
800 1716 847 1780 ita
865 1715 931 1800 sit',
949 1714 1030 1780 satis
1050 1717 1140 1800 operte

152 1803 327 1886 significari
359 1805 394 1867 in
425 1809 616 1887 perpetuum
648 1803 805 1886 parietem
828 1820 904 1868 esse
931 1804 1062 1869 debere:
1091 1823 1140 1868 nor

152 1894 236 1956 enim
259 1893 321 1958 hoc
343 1893 394 1957 his
414 1893 519 1957 verbis
538 1893 610 1974 dici,
633 1902 669 1956 ut
686 1893 721 1956 in
738 1897 931 1977 perpetuum
948 1891 1035 1958 idem
1053 1893 1140 1977 perier

153 1978 330 2068 [aeternus]
354 1986 447 2064 esset,
470 1981 555 2064 quod
577 2003 618 2045 ne
641 1981 711 2045 fieri
733 1982 862 2064 quidem
885 1987 1008 2065 posset,
1032 1981 1088 2046 sed
1107 1978 1140 2045 ut'

152 2072 294 2135 eiusdem
327 2070 415 2136 modi
446 2071 553 2154 peries
585 2069 620 2133 in
652 2073 842 2153 perpetuum
874 2073 960 2134 esset
991 2071 1048 2154 qui
1080 2089 1140 2136 oum

151 2161 353 2240 sustineret[:
382 2158 649 2242 quemadmodum
675 2158 799 2243 siquis
823 2158 919 2224 elicui
941 2160 1140 2242 eruissetis

153 2271 232 2313 onus
261 2270 354 2314 suum
382 2250 568 2330 sustineret,
596 2247 624 2312 si
649 2269 687 2311 eu
709 2269 761 2311 res
782 2268 868 2331 queo
886 2246 991 2312 serui-t
1013 2251 1048 2312 et
1069 2253 1140 2314 tuuu

154 2359 233 2401 onus
257 2337 365 2419 ferret,
387 2335 538 2418 perisset,
564 2335 628 2401 alie
650 2337 683 2398 in
706 2335 813 2401 locum
830 2335 904 2400 eius
927 2335 999 2401 deri
1023 2335 1140 2416 debeat]

240 2439 286 2497 De
307 2456 340 2496 re
363 2458 390 2498 v.
409 2437 551 2499 Kerlowe
572 2437 611 2514 Ι]Ἴ
631 2439 704 2498 523.

241 2539 293 2603 94.
326 2538 364 2602 D.
384 2538 414 2618 8,
429 2538 459 2620 5,
478 2540 507 2620 6,
521 2539 551 2605 2.
592 2537 750 2622 Ulpianus
774 2538 859 2603 libro
879 2540 1018 2624 septimo
1038 2541 1140 2606 decim

155 2628 194 2691 ad
218 2627 357 2692 edictum
380 2625 429 2712 (P.
449 2625 538 2713 598).
576 2629 673 2691 etiem
697 2629 735 2690 de
759 2627 923 2712 servitute,
947 2651 1030 2713 quae
1055 2629 1140 2695 oneri

153 2716 276 2780 ferendi
300 2737 398 2781 causa
420 2717 575 2800 imposita
599 2718 674 2799 erit,
704 2716 788 2781 actio
812 2716 906 2781 nobis
931 2721 1102 2804 competit,
1126 2742 1140 2783 u

154 2809 187 2869 et
219 2826 317 2870 onere
348 2804 430 2870 feret
462 2808 495 2868 et
523 2804 669 2869 aedificio
700 2805 824 2869 reficiet
853 2805 893 2868 ed
921 2827 994 2870 eum
1021 2809 1140 2873 modun

155 2895 209 2978 qui
237 2893 391 2958 servitute
418 2893 572 2976 imposita
600 2894 848 2976 comprehensus
877 2897 936 2958 est.
989 2899 1023 2959 et
1051 2897 1140 2962 Gallu

153 2986 251 3067 putet
270 3003 336 3046 non
359 3002 453 3065 posse
477 2984 523 3046 ita
547 2983 735 3046 servitutem
752 2981 886 3066 imponi,
909 2988 945 3047 ut
964 2986 1038 3068 quis
1056 2987 1140 3051 facer

155 3073 277 3156 aliquid
297 3074 473 3156 cogeretur,
493 3071 548 3135 sed
567 3092 607 3134 ne
626 3093 677 3134 me
695 3070 802 3136 fecere
816 3070 1018 3157 prohiberet3
1039 3075 1140 3138 nemi

155 3161 303 3225 omnibus
337 3160 546 3224 servitutibus
578 3159 711 3223 refectio
742 3159 782 3223 ad
811 3181 887 3224 eum
917 3161 1075 3247 pertinet,
1108 3184 1140 3248 qe

103 3306 106 3311 .
155 3251 217 3314 sibi
242 3249 429 3314 servitutem
452 3247 582 3332 adserit,
608 3269 673 3312 non
696 3249 736 3312 od
760 3271 841 3327 eum,
864 3248 954 3314 ouius
978 3273 1031 3316 res
1054 3253 1140 3317 servit

155 3339 210 3402 sed
244 3337 366 3402 evaluit
394 3335 483 3403 Servi
513 3337 685 3420 sententia,
717 3337 752 3400 in
783 3337 952 3422 proposita
986 3342 1093 3424 specie
1124 3363 1140 3404 u

155 3427 261 3510 possit
284 3427 354 3511 quis
379 3425 546 3489 defendere
568 3425 618 3488 ius
638 3425 700 3488 sibi
719 3447 788 3489 esse
807 3446 921 3510 cogere
941 3427 1140 3494 adversarius

151 3515 284 3579 reficere
303 3515 463 3599 parietem
488 3514 528 3578 ed
552 3535 650 3578 onera
673 3536 731 3578 sue
755 3514 949 3582 sustinenda.
