2422 3840
311 172 337 223 8.
364 164 518 222 suavius
537 165 720 223 SULPICIUS
738 166 856 223 RUFUS
1027 168 1087 233 181

83 330 231 415 alteram,
252 351 326 394 cum
344 349 480 414 puerum
500 330 661 395 contrario
680 330 809 396 nomine
829 333 955 415 puellae
974 332 1090 398 dicere-

81 441 166 484 mus:
189 419 332 503 tertiam,
354 439 427 483 eum
451 421 590 483 aetatem
608 419 765 502 puerilem
787 418 1090 487 demonstraremus.

169 529 283 589 Utrum
305 528 402 590 Servii
424 548 464 588 an
485 529 587 590 Alfeni
611 548 649 589 an
671 529 759 588 Pauli
783 531 835 603 sit,
858 532 991 591 incertus
1016 551 1089 592 sum.

169 640 223 704 40.
247 640 286 704 D.
301 640 353 722 30,
368 640 419 705 63.
451 636 564 704 Celsus
588 640 672 706 libro
694 641 842 795 septimot
851 641 973 706 decimo
993 641 1089 727 Dige-

80 731 206 793 storum
231 726 280 815 (P.
301 690 389 815 13'7).
439 726 475 793 Si
503 728 639 793 ancillas
669 734 842 795 omneset
869 730 955 815 quod
978 753 1016 794 ex
1040 732 1090 795 his

79 820 195 882 natum
229 818 293 882 crit
324 820 464 882 testator
494 817 667 903 legaverit,
703 841 767 882 una
799 824 886 883 mort
888 842 929 884 ua
961 817 1090 884 Servius

77 910 212 989 partum
243 906 312 970 eius
340 910 440 990 negat
467 905 589 989 deberi,
621 906 696 990 quia
726 909 918 973 accessionis
946 908 1018 974 loco
1049 910 1092 972 le·

77 999 177 1081 gatus
202 994 254 1058 sit

171 1106 209 1166 cf.
224 1104 288 1166 eei.
304 1108 333 1182 2,
349 1108 425 1166 203:
449 1124 486 1165 ea
508 1124 625 1182 quoque
648 1123 695 1165 res
718 1125 794 1183 quae
812 1107 844 1166 in
862 1126 963 1167 rerum
981 1111 1091 1167 natura

75 1214 140 1254 non
165 1197 221 1271 est,
244 1195 270 1254 si
292 1195 379 1254 modo
398 1195 503 1254 futura
522 1197 576 1267 est,
598 1214 652 1269 per
672 1195 891 1255 damnationem
909 1198 1005 1275 legari
1022 1200 1091 1273 pot·

78 1289 140 1360 est,
166 1283 251 1344 velut
274 1326 304 1343 ..
328 1276 419 1360 ‘quod
442 1303 478 1344 ex
500 1284 554 1342 illa
576 1283 686 1343 ancilla
708 1290 815 1343 natum
838 1280 917 1345 erit’.

371 1444 415 1498 De
432 1445 567 1513 mancipii
584 1445 693 1513 optione
711 1446 808 1516 lupata.

171 1545 224 1610 41.
256 1543 411 1627 D.,351,
429 1545 526 1628 28,.1
570 1543 691 1609 Paulus
718 1546 803 1610 libro
828 1547 965 1611 secundo
989 1546 1091 1631 epito-

77 1637 243 1698 matorum
264 1631 374 1697 Alfeni
393 1632 602 1718 Digestorum
621 1629 670 1719 (P.
691 1635 756 1717 36).
794 1633 876 1699 ‘t‘At
851 1640 899 1699 tra
922 1657 1002 1700 uxor
1020 1657 1092 1699 mea

78 1725 198 1806 optato
224 1719 453 1806 Philargyrum
480 1743 615 1806 puerum
643 1727 699 1786 out
722 1723 904 1807 Agatham¹
933 1725 1092 1805 ancillam,

78 1811 138 1895 qui
162 1809 226 1874 mei
250 1814 344 1874 erunt
366 1832 440 1875 curn
462 1809 608 1876 moriar':
633 1811 660 1873 is
685 1812 741 1894 qui
764 1815 992 1877 testamentum
1015 1775 1092 1878 fecit

79 1898 277 1984 Agatham¹‚
301 1921 398 1984 quam
421 1899 609 1964 testamenti
632 1904 778 1982 tempore
800 1899 928 1983 habuit,
951 1900 1092 1964 vendidit

80 1993 115 2052 et
143 1991 260 2072 postea
290 1988 424 2052 ancillas
450 1989 540 2072 emit,
570 2009 609 2051 ex
631 1987 683 2051 his
707 1987 764 2050 uni
787 1986 874 2072 Agat
861 1986 951 2052 thae¹
975 2009 1092 2052 nomen

80 2076 254 2161 imposuit:
286 2077 467 2160 quaesitum
500 2081 562 2160 est,
594 2098 637 2140 an
668 2075 748 2140 haec
781 2077 890 2161 legata
920 2075 1092 2140 videretur.

80 2163 251 2249 respondit
272 2164 416 2249 legatam
438 2165 549 2229 videri.

335 2322 379 2376 Dc
395 2322 524 2377 tumeatis
541 2327 566 2376 et
579 2323 724 2390 pecoribus
742 2322 846 2391 tepetis.

172 2421 226 2486 42.
249 2419 288 2485 D.
303 2423 355 2502 32,
371 2422 422 2486 62.
449 2421 596 2486 Iulianus
611 2422 694 2486 libro
710 2422 870 2506 singulari
884 2421 922 2485 de
937 2421 1093 2506 ambigui·

81 2510 208 2575 tatibus
232 2506 281 2596 (P.
300 2508 344 2598 2).
392 2509 452 2586 Qui
480 2510 560 2576 duos
588 2512 691 2576 mulos
719 2511 863 2574 habebat
890 2511 937 2573 ita
959 2509 1092 2593 legavit:

83 2599 202 2663 ‘mulos
227 2599 320 2683 duos,
343 2599 397 2684 qui
420 2599 484 2662 mei
507 2602 601 2663 erunt
625 2621 697 2664 cum
721 2600 854 2683 moriar,
876 2600 968 2663 heres
993 2598 1093 2662 dato’:

82 2688 168 2752 idem
183 2684 292 2752 nullos
307 2688 422 2769 mulos,
437 2687 492 2751 sed
506 2688 585 2751 duas
600 2687 704 2752 mulas
719 2688 903 2771 reliquerat.
928 2687 1094 2772 respondit

84 2773 214 2840 Servius
244 2774 353 2840 deberi
380 2777 552 2859 legatum[,
585 2777 661 2860 quia
688 2777 848 2841 mulorum
877 2777 1093 2860 appellatione

83 2866 184 2929 etiam
208 2865 317 2928 mulae
340 2867 558 2947 continentur,
588 2865 853 2949 quemadmodum
877 2866 1092 2950 appellatione

84 2975 252 3018 servorum
276 2952 374 3017 etiam
399 2974 510 3018 servae
532 2954 723 3038 plerumque
747 2953 978 3033 continenturl.

171 3040 240 3108 43?
266 3040 306 3106 D.
325 3042 377 3126 32,
392 3041 434 3106 60
445 3064 492 3126 pr.
531 3041 665 3106 Alfenus
685 3042 767 3106 libro
788 3043 926 3106 secundo
945 3040 1094 3124 Digesto-

82 3153 154 3195 rum
179 3154 199 3195 a
220 3130 322 3195 Paulo
346 3131 594 3215 epitomatorum
614 3127 661 3216 (P.
676 3128 742 3215 39).
784 3128 865 3195 Cum
889 3134 1095 3213 quaereretur

82 3219 177 3304 agnis
214 3219 332 3304 legatis
370 3218 490 3302 <agni>
529 3222 687 3303 quatenus
725 3218 922 3302 viderentur,
964 3216 1093 3300 quidam

83 3308 217 3373 aiebant
240 3328 359 3392 agnum
379 3308 548 3372 dumtaxat
567 3330 622 3371 sex
641 3329 786 3370 mensum
806 3324 888 3372 esse:
913 3305 966 3369 sed
986 3306 1093 3368 verius

83 3402 133 3462 est
156 3418 213 3462 eos
236 3397 362 3481 legatos
387 3417 471 3479 esse,
495 3397 549 3480 qui
572 3397 713 3461 minores
738 3395 896 3459 anniculis
920 3398 1036 3458 essent.

156 3541 170 3589 1
197 3534 277 3590 Iter.
295 3533 452 3603 Agatheam
472 3536 513 3590 ecl
530 3536 684 3605 Agatheae.
