2422 3840
409 190 431 238 1.
455 183 484 238 P.
499 182 665 238 ALFENUS
686 181 805 237 VARUS
858 248 859 251 Ἴ
1046 180 1110 245 327

100 350 266 412 lucernam
293 348 484 432 reposcebat
512 351 545 411 et
570 346 749 430 fugientem
772 344 947 409 retinebat:
974 344 1029 408 ille
1053 345 1109 409 fla·

101 438 200 520 gello,
233 437 317 520 quod
349 437 384 500 in
411 457 508 499 manu
535 435 692 515 habebat,
723 434 765 511 in
786 454 848 518 quo
878 432 971 496 dolor
997 433 1110 516 inerat,

101 526 271 590 verberare
294 523 515 588 tabernarium
538 525 698 605 coeperat,
720 525 758 585 ut
782 544 815 586 se
834 521 990 585 mitteret:
1014 543 1052 585 ex
1072 543 1110 586 eo

101 614 223 677 maiore
247 612 317 678 rixa
339 613 427 678 facta
449 611 654 678 tabernarius
679 611 717 695 ei,
741 610 796 694 qui
818 611 983 675 lucernam
1004 613 1111 675 sustu-

100 705 196 785 lerat,
221 701 349 766 oculum
373 702 539 766 effoderat:
563 700 764 782 consulebat,
787 721 864 763 num
888 699 1040 762 damnum
1063 702 1111 762 in-

86 791 185 855 iuria
216 812 281 854 non
313 789 472 855 videretur
505 788 643 872 dedisse,
676 788 828 873 quoniam
859 787 949 871 prior
980 786 1111 870 fiagello

100 901 271 964 percussus
299 883 393 944 esset.
438 877 603 962 respondi,
630 876 694 940 nisi
721 877 798 940 data
825 897 923 960 opera
945 875 1112 941 effodisset

101 969 244 1050 oculum,
272 990 336 1033 non
364 967 466 1032 videri
494 967 647 1031 damnum
677 965 795 1029 iniuria
822 965 950 1048 fecisse,
982 964 1111 1049 culpam

102 1057 187 1120 enim
210 1078 310 1140 penes
334 1078 416 1139 eum,
440 1056 494 1139 qui
512 1056 601 1139 prior
619 1054 749 1138 flagello
768 1055 936 1138 percussit,
959 1053 1112 1137 residere,

101 1145 156 1209 sed
180 1145 208 1207 si
231 1146 271 1209 ab
296 1166 333 1210 eo
357 1166 424 1209 non
446 1144 535 1228 prior
558 1144 757 1228 vapulasset,
782 1142 837 1207 sed
861 1163 934 1207 cum
958 1141 988 1206 ei
1010 1143 1113 1207 lucer·

99 1255 175 1297 nam
213 1235 335 1316 eripere
370 1233 482 1310 vellet,
517 1233 603 1296 rixat
589 1236 642 1296 tus
676 1235 774 1316 esset,
806 1229 985 1296 tabernarii
1018 1232 1137 1318 culpa

101 1321 169 1386 fact
155 1326 224 1384 tum
247 1322 358 1388 videri.

191 1411 263 1475 107.
296 1409 335 1474 Ι).
356 1409 431 1474 ibid
456 1411 512 1490 §4
536 1406 585 1496 (P.
601 1410 619 1473 7
622 1410 689 1491 ,.4)
731 1407 810 1474 (lum
835 1408 905 1492 pila
927 1409 1125 1492 complures,

99 1499 256 1581 luderent,
276 1498 406 1583 quidam
426 1521 464 1563 ex
482 1497 533 1562 his
553 1462 724 1581 serviilum,
744 1519 815 1561 cum
832 1497 931 1580 pilam
946 1497 1110 1583 percipere

99 1592 277 1666 conaretur,
300 1588 440 1672 impuli,
464 1608 575 1652 servus
599 1586 764 1651 ceciditet
750 1590 855 1649 tcrus
874 1585 987 1671 fregit:
1011 1609 1110 1688 quae·
1162 1586 1163 1589 ’

98 1677 239 1760 rebatur,
257 1699 297 1740 an
318 1638 467 1741 dominiis
488 1676 606 1740 servuli
625 1677 696 1760 lege
710 1674 843 1759 Aquilia
861 1694 933 1738 cum
950 1696 998 1759 eo,
1017 1677 1108 1740 cuius

97 1766 237 1849 impulsu
261 1765 438 1843 ceciderat,
460 1782 555 1848 agere
578 1767 695 1847 potest.
740 1762 892 1847 respondi
913 1785 980 1828 non
1002 1786 1110 1848 posse,

98 1875 170 1916 cum
194 1876 271 1917 casu
294 1853 398 1937 magis
423 1874 518 1936 quam
543 1852 638 1935 culpa
660 1851 821 1916 videretur
843 1850 976 1916 factum.

188 1942 259 2005 108.
292 1940 331 2005 D.
349 1940 426 2004 ibid.
444 1963 491 2025 pr.
519 1937 567 2027 (P.
588 1941 685 2024 ipo).
732 1939 766 2005 si
794 1961 833 2004 ex
860 1940 965 2025 plagis
994 1963 1104 2006 servus

98 2037 243 2093 mortuus
272 2034 357 2093 esset
383 2050 485 2113 neque
513 2029 546 2093 id
569 2029 685 2093 medici
708 2029 879 2094 inscientia
903 2033 959 2093 aut
982 2029 1107 2094 domini

97 2118 304 2203 neglegentia
344 2118 522 2200 accidisset,
563 2119 649 2208 recto
617 2117 730 2181 tede
771 2118 890 2182 iniuria
927 2119 1031 2182 occiso
1069 2141 1107 2183 eo
1207 2115 1208 2118 ’

100 2207 249 2290 agi[tur].

190 2295 261 2359 109.
295 2294 332 2358 D.
352 2295 387 2379 9,
405 2295 440 2377 2,
463 2295 518 2377 29,
536 2296 566 2359 4.
613 2294 689 2380 Upl
681 2317 772 2360 ianus
800 2295 884 2360 libro
913 2297 1028 2361 octavo
1057 2295 1113 2362 de·

98 2384 181 2448 cimo
210 2383 249 2447 ad
275 2383 359 2448 edict
345 2388 414 2448 tum
439 2379 488 2469 (P.
508 2345 612 2472 '6259
659 2383 693 2447 Si
716 2383 808 2448 navis
833 2384 880 2447 alt
867 2387 970 2447 teram
994 2389 1109 2449 contra

99 2495 132 2536 se
160 2473 341 2537 venientem
369 2473 542 2556 obruisset,
571 2473 663 2537 aut
653 2495 688 2537 m
716 2472 967 2556 gubernatorem
996 2475 1086 2537 aut
1076 2497 1111 2538 1n

20 2582 22 2585 ·
99 2563 194 2625 ducat
180 2566 283 2626 torem
307 2562 466 2625 actionem
486 2567 667 2645 competere
687 2561 797 2625 damni
816 2561 952 2626 iniuriae
972 2560 1111 2627 Alfenus

98 2650 157 2714 ait:
186 2651 240 2713 sed
270 2649 297 2713 si
325 2653 417 2713 tanta
444 2651 492 2714 vis
521 2651 597 2714 navi
625 2650 710 2714 facta
738 2650 795 2733 sit,
824 2672 905 2734 quae
934 2653 1112 2735 temperari

99 2760 163 2802 non
186 2739 306 2822 potuit,
329 2739 452 2802 nullam
474 2738 509 2801 in
533 2737 698 2802 dominum
722 2739 860 2802 dandam
885 2739 1054 2804 actionem.
1141 2813 1144 2820 .

499 2946 546 3004 De
562 2949 713 3020 pauperie.

189 3067 260 3131 110.
288 3065 329 3130 D.
347 3065 381 3148 9,
402 3067 434 3147 1,
453 3063 482 3131 5.
519 3064 656 3128 Alfenus
684 3063 768 3127 libro
797 3064 936 3128 secundo
962 3063 1112 3148 Digesto·

83 3177 168 3236 rum
188 3154 236 3238 (Ρ.
252 3152 295 3240 6).
332 3151 443 3238 Agaso
463 3175 536 3221 eum
553 3153 587 3217 in
605 3154 777 3218 tabernam
796 3151 915 3235 equum
930 3150 1111 3236 deduceret,

98 3244 220 3307 mulam
257 3265 357 3327 equus
395 3241 518 3324 olfecit,
554 3241 643 3306 mula
676 3241 796 3305 calcem
828 3241 939 3305 reiecit
971 3245 1003 3304 et
1037 3262 1109 3305 crus

97 3333 232 3416 agasoni
263 3331 375 3415 fregit:
408 3330 650 3408 consulebatur,
681 3333 836 3415 possetne
872 3351 945 3394 cum
977 3329 1108 3395 domino

50 3498 51 3501 Ἴ
98 3422 205 3484 mulae
226 3421 288 3504 agi,
306 3419 395 3503 quod,
411 3442 448 3483 ea
466 3420 654 3503 pauperiem
669 3419 807 3484 fecisset.
840 3418 992 3501 respondi
1006 3441 1112 3502 posse.

189 3541 226 3598 of.
250 3539 348 3599 Servii
370 3557 513 3616 responsa
538 3542 612 3600 138.
