2422 3840
92 155 157 218 216
194 154 241 210 VI.
263 153 631 209 oecumenicorum
651 151 964 209 contulissemus
985 152 1108 208 PRIMA

185 319 258 383 148.
291 318 330 382 Ι).
351 318 456 401 39‚4,
478 317 528 382 15.
568 317 704 382 Alfenus
729 315 837 381 Varus
861 317 943 382 libro
967 318 1111 401 septimo

95 408 304 492 Digestorum
320 404 369 490 (P.
379 408 444 486 28).
473 405 592 472 Caesar
611 428 682 470 cum
697 405 822 471 insulae
837 404 951 471 Cretae
966 406 1116 472 cutorias

93 498 226 577 locaret,
239 496 343 580 legem
358 495 405 560 ita
420 495 561 559 dixerat:
574 494 628 558 ‘ne
642 495 714 578 quis
728 498 856 578 praeter
870 495 1111 580 redemptorem

94 589 169 669 post
191 584 262 648 idus
287 583 422 649 Martias
452 587 556 648 cotem
585 605 624 647 ex
651 582 758 648 insula
781 581 877 649 Crete
900 583 1002 648 fodito
1026 606 1111 648 neve

94 674 225 738 eximito
241 694 322 738 neve
339 672 480 737 avetito’
488 670 508 737 1.
546 672 712 736 cuiusdam
730 672 823 736 navis
842 677 960 737 onusta
978 674 1111 738 cotibus

95 767 170 827 ante
193 762 267 826 idus
291 759 426 825 Martias
451 783 489 824 ex
512 767 609 844 portu
632 759 747 826 Cretae
770 759 916 845 profecte
938 766 1037 826 vento
1062 784 1110 826 re

94 852 163 915 lata
185 851 218 913 in
241 854 371 933 portum
395 853 474 932 erat,
497 849 611 914 deinde
633 849 750 915 iterum
775 853 851 933 post
872 849 945 914 idus
969 848 1111 915 Martias

94 939 240 1023 profecta
263 942 343 1005 erat.
388 937 631 1021 consulebatur,
659 961 737 1002 num
765 943 878 1003 eontra
900 939 1006 1024 legem
1030 945 1113 1023 post

95 1030 166 1093 idus
190 1027 324 1092 Martias
355 1049 392 1091 ex
416 1027 522 1091 insule
546 1026 642 1091 Creta
668 1031 756 1091 cotes
784 1028 889 1091 exisse
914 1027 1111 1093 viderentur.

94 1116 271 1202 respondit,
294 1116 426 1180 tametsi
450 1119 565 1199 portus
590 1136 731 1200 quoque,
761 1116 816 1199 qui
838 1115 963 1180 insulae
987 1122 1112 1196 essent,

95 1227 206 1271 omnes
235 1203 304 1270 eius
326 1205 453 1269 insulae
477 1226 546 1269 esse
570 1204 770 1288 viderentur,
796 1209 905 1269 temen
929 1227 1022 1288 eum,
1053 1207 1112 1291 qui

95 1299 171 1359 ante
194 1294 266 1358 idus
290 1292 426 1358 Martias
449 1293 614 1376 profectus
637 1314 676 1357 ex
699 1298 795 1377 portu
819 1297 905 1357 esset
929 1297 962 1357 et
984 1295 1111 1359 relatus

95 1386 288 1468 tempestate
306 1382 340 1446 in
360 1379 519 1446 insulam²
538 1385 632 1460 esset,
652 1383 680 1446 si
698 1381 773 1445 inde
792 1382 912 1447 exisset
924 1403 991 1447 non
1004 1383 1113 1448 videri

95 1477 210 1537 eontra
228 1471 334 1554 legem
353 1469 476 1552 fecisse,
498 1476 666 1555 propterea
685 1471 850 1553 quodiam
868 1470 962 1536 initio
978 1477 1113 1537 evectae

95 1564 184 1625 cotes
203 1560 398 1636 viderentur,
417 1580 489 1623 cum
509 1563 542 1623 et
562 1582 601 1622 ex
619 1563 715 1643 portu
734 1559 825 1623 navis
844 1558 990 1642 profectu
1007 1566 1113 1626 esset.

431 1752 478 1809 De
499 1750 616 1810 iudiciis
632 1751 767 1824 publicio.

187 1869 257 1933 149.
285 1868 322 1934 D.
335 1870 389 1950 44,
406 1870 436 1952 7,
450 1870 502 1934 20.
532 1869 669 1933 Alfenus
692 1869 775 1933 libro
799 1869 938 1934 secundo
959 1869 1115 1954 Digesto·

95 1979 168 2022 rum
188 1957 237 2042 (P.
253 1953 300 2044 9).
337 1956 473 2023 Servum
495 1979 561 2022 non
580 1959 615 2022 in
634 1958 784 2023 omnibus
804 1958 900 2022 rebus
919 1958 986 2022 sine
1004 1981 1116 2042 poene.

97 2047 228 2113 domino
253 2047 338 2112 dicto
364 2047 540 2111 audientem
563 2067 632 2110 esse
656 2047 766 2131 debere,
789 2046 885 2111 sicuti
907 2048 936 2111 si
958 2048 1116 2113 dominus

96 2136 261 2200 hominem
294 2136 436 2201 occidere
470 2138 526 2199 aut
558 2135 682 2199 furtum
717 2134 814 2199 alicui
847 2135 950 2200 facere
980 2158 1117 2204 servum

96 2225 253 2289 iussisset.
299 2246 397 2309 quere
422 2225 568 2308 quamvis
598 2223 719 2287 domini
748 2225 838 2287 iussu
862 2246 972 2288 servus
995 2226 1116 2309 pirati-

97 2335 169 2378 cam
192 2314 337 2397 fecisset,
368 2313 522 2376 iudicium
550 2313 584 2376 in
611 2333 683 2376 eum
711 2316 787 2396 post
812 2312 997 2378 libertatem
1021 2316 1116 2380 reddi

97 2405 253 2483 oportere.
291 2406 323 2465 et
346 2402 569 2485 quodcumque
589 2401 622 2465 vi
639 2401 778 2484 fecisset,
801 2422 883 2485 quae
901 2403 951 2466 vis
971 2425 991 2465 a
1009 2405 1115 2468 male-

96 2489 169 2554 ficio
196 2512 263 2554 non
291 2490 433 2573 abesset,
466 2491 513 2553 ita
542 2493 688 2572 oportere
715 2511 836 2572 poenes
862 2511 934 2554 eum
958 2492 1113 2574 pendere.

98 2577 153 2641 sed
178 2578 205 2641 si
229 2579 336 2662 aliqua
359 2579 429 2641 rixa
452 2600 491 2642 ex
510 2578 622 2642 litibus
646 2583 678 2642 et
697 2579 901 2643 contentione
920 2587 999 2644 nato.
1024 2586 1116 2646 esset

98 2671 155 2730 aut
178 2667 285 2750 aliqua
310 2667 357 2731 vis
381 2666 460 2730 iuris
484 2667 643 2731 retinendi
666 2688 763 2731 causa
785 2666 871 2731 facte
897 2672 984 2732 esset
1011 2673 1047 2732 et
1069 2672 1113 2734 ab

98 2755 149 2819 his
174 2755 269 2819 rebus
294 2755 418 2819 facinus
442 2756 585 2835 abesset,
611 2760 681 2819 turn
705 2776 770 2819 non
793 2756 961 2821 convenire
984 2762 1113 2841 praeto·

96 2865 179 2926 rem,
209 2845 293 2926 quod
318 2866 428 2908 servus
457 2843 547 2908 iussu
571 2845 694 2908 domini
719 2843 861 2926 fecisset,
889 2845 927 2908 de
955 2867 994 2908 ea
1016 2868 1052 2911 re
1076 2847 1110 2910 in

97 2933 234 2996 liberum
259 2933 412 2996 iudicium
436 2932 522 2998 dare.

185 3035 285 3094 Alfeni
310 3036 405 3095 oratio
429 3054 447 3094 e.
470 3034 651 3095 Triboniano
674 3037 792 3094 mutata
816 3039 871 3094 est.
916 3036 1005 3095 hodie
1030 3038 1108 3097 enim

97 3126 139 3184 sic
166 3125 292 3200 legitur:
322 3118 443 3184 tseruus
467 3168 496 3183 ..
519 3124 644 3183 audiens
672 3142 736 3182 esse
764 3125 885 3183 solet..
909 3125 994 3184 reddi
1021 3146 1106 3203 opor-

96 3217 139 3273 tet
152 3257 177 3274 ..
192 3215 236 3272 ita
250 3216 366 3290 oportet
380 3261 386 3272 .
398 3261 405 3274 .
419 3232 480 3272 non
494 3213 645 3272 convenit.
656 3207 675 3270 .'
703 3213 739 3271 cf.
750 3212 785 3272 D.
798 3210 1106 3295 21,1‚19pr.(U1p.):

98 3296 146 3361 ‘ea
169 3321 245 3379 quae
265 3303 301 3361 ad
320 3302 432 3360 nudam
451 3302 571 3360 laudem
590 3302 667 3360 servi
685 3302 845 3377 pertinent,
868 3303 964 3362 veluti
984 3303 1009 3363 si
1027 3303 1104 3362 dixe·

170 3461 182 3506 1
208 3454 258 3506 Fl.
279 3452 403 3508 evellito.
431 3455 582 3507 emendavit
603 3455 636 3508 P.
653 3453 790 3506 retroue.

169 3531 184 3577 2
209 3525 260 3578 Fz.
279 3526 308 3576 in
327 3525 448 3578 insulem
467 3525 611 3578 deductus.
