2422 3840
96 156 162 220 234
198 156 245 212 VI.
270 154 404 211 OCTAVI
424 155 522 210 SAEC.
539 154 637 210 IURIS
656 154 829 211 CONSULT.
845 155 972 212 snmus
989 158 1109 214 PRIMA

95 326 142 398 [X
146 326 218 380 VII.
248 325 327 397 Quod
344 342 406 381 eum
423 326 554 395 mopistro
572 326 661 391 aava,
679 325 805 380 institore
823 341 884 382 eooe
901 327 951 397 pai
968 329 1000 382 io
1018 329 1115 384 atiena

126 410 259 475 potestate
277 409 315 460 est
332 406 470 475 negotium
487 410 591 474 posterna
609 420 664 460 esse
682 406 796 460 dicetur.
832 409 859 461 4.
882 407 1075 480 quodiana]

183 505 214 568 4.
238 503 277 569 D.
286 505 340 589 46,
350 506 380 588 3,
390 504 442 571 35.
473 503 610 569 Alfenus
624 504 731 570 Varus
749 505 835 570 libro
854 506 995 573 seeundo
1012 507 1113 594 Dige-

96 598 220 659 storum
251 616 270 657 a
292 592 394 659 Paulo
423 593 674 677 epitomatorum
697 592 747 680 (P.
765 593 835 680 47).
880 593 974 670 Quod
998 618 1113 663 servus

95 705 136 747 ex
157 683 284 766 peculio
308 704 366 747 suo
390 683 579 747 credidisset
601 685 658 747 aut
680 682 896 767 deposuisset,
919 683 953 748 id
975 685 1021 769 ei,
1046 686 1113 751 sive

94 772 237 836 venisset
261 772 328 836 sive
352 772 571 837 manumissus
595 774 690 853 esset
713 775 801 836 reete
820 772 903 837 solvi
921 793 1013 856 posse
1033 774 1112 856 [nisi

96 860 206 945 aliqua
228 882 325 925 causa
343 860 551 944 interciderit,
574 881 614 924 ex
632 882 696 945 qua
714 859 860 946 intellegi
878 861 986 944 possit
1005 864 1111 928 invito

96 970 143 1032 e0‚
163 949 252 1013 ouius
271 952 339 1014 tum
359 949 387 1013 is
407 971 518 1014 servus
537 949 662 1032 fuisset,
686 949 715 1012 ei
735 950 841 1030 solvi}
874 950 929 1014 sed
948 954 981 1015 et
996 951 1112 1036 siquis

96 1035 294 1114 dominicam
318 1038 488 1121 pecuniam
516 1037 557 1102 ab
583 1059 621 1102 eo
644 1037 829 1103 faeneratus
853 1041 955 1118 esset,
983 1040 1013 1104 si
1040 1062 1111 1125 per-

95 1127 197 1190 missu
225 1126 346 1191 domini
379 1148 491 1191 servus
517 1126 688 1211 negotium
716 1126 912 1192 dominicum
946 1129 1113 1213 gessisset,

94 1215 180 1279 idem
213 1215 293 1280 iuris
321 1236 400 1281 esse:
432 1213 536 1280 videri
568 1215 655 1279 enim
682 1215 852 1280 voluntate
884 1214 1008 1281 domini
1041 1218 1110 1303 [qui

95 1325 168 1367 eum
188 1324 280 1369 servo
299 1303 466 1390 negotium
485 1304 706 1384 contraheret]
730 1306 763 1369 et
787 1304 828 1368 ab
852 1325 889 1369 eo
909 1307 1057 1390 accipere
1080 1312 1113 1370 et

95 1392 125 1455 ei
150 1393 285 1457 solvere.

184 1495 288 1553 Alfeni
318 1495 368 1555 vel
399 1495 486 1554 Pauli
519 1496 616 1555 oratio
649 1514 668 1554 a
696 1494 876 1556 Triboniano
908 1495 997 1556 solito
1030 1516 1111 1558 more

96 1585 215 1642 mutata
242 1586 301 1643 est:
333 1583 423 1643 hodie
455 1584 582 1662 legitur:
614 1579 711 1643 ‘solvi
742 1588 862 1660 potest
884 1629 914 1644 ..
936 1585 1014 1645 iuris
1042 1589 1111 1645 est:

95 1672 229 1731 videtur
248 1665 296 1734 ..'.
331 1672 417 1732 unois
436 1673 553 1732 inolusa
570 1673 663 1732 verba
682 1672 894 1734 aTriboniano
913 1674 1019 1733 addita
1033 1678 1111 1734 sunt.

186 1782 214 1846 7.
248 1780 287 1847 D.
308 1783 359 1862 14,
378 1783 409 1865 3,
428 1781 510 1865 5pr.
533 1785 553 1862 ἓ
574 1783 603 1847 1.
639 1781 801 1866 Ulpianus
824 1782 910 1847 libro
933 1783 1110 1848 vicensimo

96 1875 210 1937 octavo
239 1870 280 1934 ad
307 1871 448 1936 edietum
477 1869 525 1956 (Ρ.
550 1869 639 1956 824).
696 1868 895 1954 Cuicumque
922 1919 952 1936 ..
977 1874 1110 1958 negotio

95 1960 301 2044 praepositus
330 1960 387 2041 sit,
419 1961 552 2024 institor
579 1962 665 2024 reate
694 1960 921 2043 appellabitur.
971 1982 1051 2025 nam
1079 1965 1111 2025 et

97 2047 227 2114 Servius
250 2048 336 2113 libro
359 2049 465 2132 primo
490 2048 530 2113 ad
549 2047 688 2112 Brutum
708 2048 762 2130 ait,
787 2048 815 2115 si
834 2048 911 2132 quid
929 2070 1004 2113 cnm
1024 2051 1110 2115 insu·

95 2138 178 2202 lario
202 2141 329 2220 gestum
352 2138 395 2202 sit
416 2138 468 2202 vel
491 2159 529 2202 eo
549 2158 645 2221 quem
663 2136 734 2220 quis
754 2136 901 2202 aedificio
918 2159 1059 2222 praepos
1085 2139 1109 2202 't

96 2227 147 2290 vel
170 2225 334 2291 frumento
359 2226 549 2309 coemendo,
571 2226 605 2289 in
630 2225 769 2289 solidum
792 2247 866 2290 eum
889 2227 1002 2291 teneri.

185 2338 221 2397 of.
246 2337 311 2399 Gai.
330 2339 360 2414 4,
381 2339 436 2395 71:
540 2335 725 2411 comparavit
748 2328 899 2417 (praetor)
929 2336 1005 2397 duas
1034 2338 1109 2398 alias

95 2427 238 2503 actiones,
257 2424 465 2486 eremitorium
488 2429 520 2485 et
537 2424 720 2485 institoriam
739 2466 769 2485 ..
788 2424 940 2484 institoria
958 2446 1031 2487 vero
1050 2427 1110 2487 for·

94 2514 177 2572 mula
199 2517 264 2573 tum
288 2515 387 2573 locum
409 2513 514 2586 habet,
545 2533 612 2572 eum
640 2513 707 2589 quis
735 2513 878 2573 tabernae
906 2517 960 2573 ant
983 2515 1111 2577 ouilibet

94 2602 296 2678 negotiationi
308 2602 405 2660 filium
424 2620 582 2663 servumve
602 2607 655 2661 ant
669 2601 836 2677 quemlibet
854 2604 1031 2662 extraneum
1046 2605 1109 2665 sive

96 2710 215 2750 servum
234 2691 296 2750 sive
314 2690 443 2749 liberum
456 2690 665 2766 praeposuerit
747 2689 814 2750 ideo
834 2693 936 2751 autem
954 2692 1110 2752 institoria

94 2782 234 2856 vocatur,
259 2779 330 2855 quia
353 2779 404 2856 qui
426 2781 571 2839 tabernae
593 2779 805 2856 praeponitur,
826 2780 949 2839 institor
971 2782 1108 2857 appella-

94 2871 155 2927 tur.
191 2886 268 2944 quae
292 2871 323 2927 et
345 2868 412 2943 ipsa
434 2868 567 2928 formula
589 2869 621 2927 in
644 2868 774 2927 solidum
797 2873 851 2928 est.

185 2979 213 3044 8.
249 2977 288 3043 D.
313 2977 367 3061 15,
389 2979 421 3061 1,
440 2979 473 3060 9,
492 2979 522 3042 2.
542 2979 571 3043 3.
620 2977 781 3060 Ulpianus
814 2977 897 3043 libro
931 2979 1109 3045 vicensimo

94 3089 179 3132 nono
204 3067 244 3132 ad
268 3067 407 3131 edietum
431 3062 480 3153 (P.
497 3064 600 3152 852⁰).
634 3066 797 3130 Peculium
818 3115 842 3130 ..
862 3066 998 3133 deduoto
1023 3070 1109 3152 quod

94 3157 225 3240 <patri>
249 3155 465 3240 domino<ve>
487 3156 623 3220 debetur
646 3156 897 3239 computandum
924 3177 1009 3238 esse,
1033 3159 1109 3243 quia

94 3246 298 3329 praevenisse
326 3245 462 3328 (pater)
486 3244 716 3326 dominus<ve>
743 3248 776 3308 et
804 3264 877 3309 oum
905 3243 1021 3329 <fili0>
1044 3268 1109 3310 ser·

94 3335 218 3420 vo<ve>
246 3356 303 3399 suo
333 3333 437 3419 egisse
466 3333 615 3397 ereditur.
660 3331 735 3396 huic
763 3332 944 3398 definitioni
974 3332 1107 3401 Servius

90 3423 213 3575 ἓξὲξ(
240 3426 273 3487 et
299 3424 327 3487 si
351 3422 427 3507 quid
450 3422 501 3486 his
525 3422 681 3486 debeatur
704 3421 760 3505 qui
784 3421 917 3486 suntin
941 3423 1010 3489 eius
1034 3428 1108 3508 pot·
