2422 3840
94 161 159 224 276
197 141 1107 228 v11.‘oomvxssno.1ua1sconsonuerussoouon

95 329 210 387 secerni
242 329 344 406 debet,
376 328 490 388 soilioet
522 329 560 387 ab
592 326 712 386 Aufidio
742 324 816 386 Ohio
848 329 880 385 et
912 326 949 387 ab
982 327 1107 389 Aufidio

95 417 202 494 Tuooa,
226 418 284 476 alio
304 417 400 475 Servii
422 417 566 476 auditore.
607 433 745 490 usupra
767 435 795 490 p.
812 417 884 476 268.
926 415 1006 476 addo
1026 418 1109 492 quod

94 506 194 565 Labeo
217 506 253 565 D.
274 508 329 580 32,
344 507 386 566 30
408 506 563 564 Aufidium
586 505 715 581 aliquem
738 505 886 578 nominat,
914 505 961 563 oui
986 505 1027 583 is,
1054 509 1109 582 qui

94 596 198 654 hortos
229 594 364 671 publioos
395 614 425 653 a
439 613 472 652 re
500 594 621 670 publiea
648 593 796 652 eonducta
823 593 967 671 habebat,
1002 613 1110 654 eorum

95 685 251 742 hortorum
273 683 389 742 fruetus
412 701 506 759 usque
531 683 568 742 ad
592 683 730 758 lustrum,
754 699 813 757 quo
835 681 977 742 oonduoti
997 687 1110 762 essent,

95 768 262 848 legaverat:
281 771 370 831 faoile
389 774 413 830 is
432 772 570 830 Aufidius
589 771 725 849 Namusa
742 787 806 830 esse
820 771 929 846 possit.
970 775 1109 832 oeternm

95 861 132 919 de
154 860 268 924 Aufidii
290 861 408 920 nomine
431 880 459 920 v.
480 860 646 918 Wilmanns
668 859 815 934 Exempla
831 859 863 943 H.
884 879 920 935 p.·
931 861 1008 920 309.

150 1126 267 1187 Servii
295 1126 685 1202 Sulpiciiauditornm
712 1125 800 1184 libri
827 1125 871 1184 ab
898 1126 1054 1188 Aufidio

433 1225 590 1284 Namusa
618 1223 762 1301 digesti.

522 1367 630 1426 Liber
652 1366 675 1425 L

184 1490 274 1549 Libro
305 1491 399 1564 primo
427 1490 463 1549 de
491 1481 693 1571 (testamentis
717 1481 780 1571 et‘?)
810 1491 845 1548 de
874 1490 986 1568 legatis
1017 1493 1107 1568 serip-

96 1583 161 1637 tum
189 1579 280 1638 fuisse
304 1579 338 1637 D.
360 1581 410 1653 33,
431 1580 459 1652 5,
480 1581 521 1639 20
544 1578 736 1637 demonstrat.
783 1581 949 1638 ceterorum
979 1573 1124 1658 quoque,¹

96 1685 172 1743 quae
199 1685 293 1742 pauoa
320 1671 438 1726 tantum
467 1670 549 1745 sunt,
581 1668 817 1744 fragmentorum
844 1667 940 1727 maior
966 1687 1040 1745 pars
1070 1671 1105 1728 ad

1 1798 3 1803 -
95 1756 197 1830 legata
224 1755 366 1831 pertinet,
395 1755 509 1816 seilicet
532 1761 562 1815 et
585 1775 632 1828 ea,
659 1774 735 1830 quae
759 1757 788 1814 in
813 1755 937 1833 Ulpiani
958 1756 1047 1817 libris
1070 1758 1105 1816 ad

97 1843 240 1903 Sabinum
264 1849 388 1920 atquae
406 1844 438 1903 in
456 1845 594 1904 Javoleni
611 1844 649 1903 iis
667 1843 753 1904 libris
771 1846 951 1922 referuntur,
976 1865 1053 1923 quos
1071 1866 1104 1906 ex

95 1932 244 1993 Labeonis
272 1933 487 2009 posterioribus
515 1933 599 1992 libris
623 1933 759 2014 ooufeoit.¹
803 1933 904 2010 itaque
927 1933 1005 1994 haee
1028 1937 1103 2015 frag-

97 2025 208 2102 menta·
221 2022 281 2081 illis
305 2022 484 2100 subiungere
506 2022 585 2081 lieet.

232 2331 235 2340 Ι
334 2254 394 2327 (De
417 2253 593 2313 testamentis
615 2246 676 2325 et?)
698 2243 735 2313 de
757 2255 865 2327 tepetis.

427 2377 470 2432 De
488 2378 652 2432 uestimentis
669 2376 772 2446 bootis.

31 2527 34 2532 v
188 2497 215 2559 1.
239 2493 278 2558 D.
292 2495 344 2576 33,
358 2494 388 2575 5,
402 2496 454 2559 20.
495 2495 603 2560 Labeo
627 2495 710 2559 libro
730 2494 869 2559 secundo
887 2494 1101 2579 posteriorum

98 2605 117 2644 a
143 2581 301 2647 Javoleno
329 2583 579 2666 epitomatorum
608 2581 655 2668 (P.
681 2579 768 2669 179).
791 2642 800 2654 ,,
815 2583 910 2668 Apud
940 2583 1102 2650 Aufidium

97 2670 181 2735 libro
200 2671 305 2754 primo
326 2691 504 2753 responsum
522 2677 581 2756 est,
599 2693 672 2736 oum
691 2669 737 2736 ita
756 2672 899 2756 legatum
915 2677 978 2737 est:
999 2671 1103 2739 ‘vesti-

96 2762 206 2823 menta
225 2781 307 2842 quae
326 2760 413 2825 volet
430 2761 610 2826 triolineria
629 2761 747 2825 sumito
762 2761 892 2843 <sibique
910 2759 1055 2845 habeto',
1078 2761 1104 2825 si

99 2849 127 2911 is
151 2847 284 2912 dixisset
306 2870 387 2932 quae
411 2849 521 2930 vellet,
549 2847 675 2930 deinde,
698 2853 872 2934 antequam
894 2869 933 2913 ee
956 2854 1104 2934 sumeret,

99 2936 165 3000 alia
179 2958 212 3000 se
227 2936 308 3001 velle
323 2937 465 3019 dixisset,
480 2942 605 3028 mutere
620 2938 820 3002 voluntatem
834 2959 907 3003 eum
919 2959 987 3003 non
1001 2960 1104 3024 posse,

98 3029 135 3089 ut
154 3026 217 3090 elia
237 3031 386 3110 sumeret,
405 3026 480 3110 quia
499 3048 593 3092 omne
612 3027 664 3092 ius
682 3026 783 3110 legati
801 3027 908 3111 prima
919 3028 1103 3110 testatione,

99 3136 162 3198 qua
181 3135 305 3179 sumere
325 3137 358 3179 se
376 3115 517 3196 dixisset,
540 3117 766 3200 consumpsit[,
789 3115 943 3200 quoniam
962 3137 1015 3180 res
1034 3138 1103 3182 oon·

49 3206 52 3214 '
98 3203 190 3268 tinuo
214 3204 282 3268 eius
305 3203 357 3289 fit,
380 3204 474 3268 simul
499 3226 536 3268 aa
560 3204 587 3267 si
611 3203 729 3267 dixerit
752 3225 822 3269 eam
847 3206 998 3285 sumere}

186 3342 222 3402 of.
250 3340 313 3401 Gai.
334 3345 367 3419 2,
390 3344 465 3402 209:
500 3341 621 3400 Sinendi
653 3342 741 3400 modo
771 3342 815 3400 ita
842 3343 977 3420 legamus
1007 3337 1103 3407 ‘heres

98 3448 183 3488 meus
215 3430 338 3489 damnas
371 3435 434 3490 esto
468 3431 564 3488 sinere
591 3430 626 3489 L.
649 3430 763 3488 Titium
790 3430 942 3490 hominem
970 3430 1103 3491 Stichum

96 3533 214 3576 sumere
237 3518 353 3596 sibique
377 3512 506 3579 habere'.
