2422 3840
314 173 339 223 8.
365 165 519 223 SERVIUS
538 166 721 223 SULPICIUS
739 167 858 225 RUFUS
1025 171 1087 234 221

77 329 219 406 Quintus
244 328 369 395 Mucius
393 329 438 394 sic
463 330 653 415 definiebat,
679 335 715 394 ut
739 352 850 395 eorum
874 332 995 396 cibaria
1018 355 1090 399 con-

76 419 176 484 tineri
199 417 299 505 (penu
318 416 442 506 legata)
466 423 568 503 putet,
591 422 645 505 qui
669 441 749 502 opus
768 442 834 485 non
851 419 1009 505 facerent,
1034 424 1090 487 sed

77 508 252 572 materiam
283 507 435 591 praebuit
467 506 578 573 Servio
610 508 760 592 notandi,
793 514 832 573 ut
864 513 1025 574 textorum
1059 515 1092 576 et

77 597 254 662 textricum
277 596 399 661 cibaria
423 595 542 661 diceret
566 597 730 662 contineri

169 687 199 750 3.
232 684 315 749 Gell.
337 685 374 767 4,
397 687 431 768 1,
454 686 506 749 20.
530 721 572 732 -
673 686 710 749 de
733 707 818 768 penu
842 687 1089 753 adscribendum

77 775 141 839 hoc
169 774 270 838 etiam
297 773 423 860 putavi,
453 771 599 838 Servium
623 772 801 858 Sulpicium
828 772 864 838 in
888 777 1090 859 reprehensis

80 861 258 928 Scaevolae
272 862 432 947 capitibus
447 863 623 946 scripsisse,
638 861 720 928 Cato
732 862 825 928 Aelio
840 864 1010 949 placuisse,
1024 887 1091 930 non

78 973 162 1035 quae
187 951 256 1015 esui
280 955 313 1015 et
336 951 428 1034 potui
446 950 563 1034 forent,
586 951 642 1014 sed
661 956 713 1016 tus
733 974 860 1036 quoque
879 957 911 1017 et
930 975 1037 1018 cereos
1056 955 1091 1019 in
1177 991 1180 998 ·

77 1061 166 1124 penu
190 1061 275 1122 esse,
299 1040 383 1124 quod
407 1039 475 1104 eius
496 1038 656 1121 familiae¹
679 1062 776 1104 causa
799 1047 1030 1124 comparatum.

168 1128 200 1192 4.
224 1127 263 1192 D.
278 1127 330 1211 33,
340 1129 370 1210 9,
381 1129 411 1206 3,
422 1128 472 1193 10.
506 1127 662 1212 Ulpianus
682 1129 765 1193 libro
784 1131 1090 1196 vicesimosecundo

81 1217 122 1281 ad
149 1213 308 1281 Sabinum
332 1214 380 1301 (P.
399 1213 510 1303 2641).
557 1216 686 1282 Servius
716 1218 801 1300 apud
829 1218 949 1283 Melam
977 1224 1008 1284 et
1034 1243 1092 1284 uu-

81 1309 240 1389 guentum
272 1310 305 1370 et
336 1305 466 1370 chartas
497 1305 687 1390 epistulares
715 1307 845 1390 penoris
873 1329 943 1372 esse
970 1309 1092 1373 scribit.

168 1407 252 1467 Haec
271 1427 389 1485 quoque
404 1408 553 1468 sententia
566 1409 636 1468 huic
650 1409 726 1470 libro
740 1409 818 1469 bona
833 1411 949 1470 ratione
963 1411 1092 1471 adscribi

79 1499 194 1573 potest:
218 1516 288 1556 nam
311 1498 348 1556 de
366 1515 402 1556 ea
420 1517 452 1556 re
471 1498 520 1557 vel
539 1499 618 1574 apud
636 1501 771 1573 posteros
791 1498 979 1575 disputatum
996 1501 1090 1560 fuisse

79 1584 205 1661 Ulpiani
222 1585 315 1647 verba
333 1587 448 1662 docent,
473 1605 549 1663 quae
569 1589 748 1664 sequuntur:
773 1581 814 1646 ‘et
834 1591 880 1647 est
897 1590 998 1649 verius
1017 1591 1090 1649 haec

81 1693 200 1751 quoque
224 1666 391 1734 contineri'.

170 1775 200 1840 5.
225 1774 266 1842 D.
280 1777 332 1855 32,
347 1776 399 1860 39,
416 1778 443 1840 1.
474 1775 582 1840 Labeo
606 1776 690 1840 libro
715 1777 851 1842 secundo
875 1781 1090 1861 posteriorum

81 1863 278 1929 aIavoleno
302 1864 552 1948 epitomatorum
577 1863 624 1951 (P.
647 1860 733 1951 171).
771 1862 851 1930 Cum
875 1867 923 1930 ita
945 1867 1091 1952 legatum

82 1955 180 2039 esset,
213 1957 252 2017 ut
279 1952 368 2017 Titia
395 1975 476 2018 uxor
506 1975 577 2018 mea
605 1953 791 2017 tantundem
819 1959 944 2037 partem
971 1955 1091 2019 habeat

81 2038 244 2128 (captati)
263 2043 451 2126 quantulam
470 2064 551 2107 unus
570 2042 673 2123 heres,
692 2043 720 2105 si
737 2064 802 2105 non
818 2043 966 2125 aequales
981 2047 1090 2126 partes

82 2134 191 2195 essent
216 2130 385 2215 heredum,
413 2130 551 2207 Quintus
575 2129 700 2195 Mucius
729 2135 761 2194 et
789 2128 901 2195 Gallus
931 2133 1091 2216 putabant

83 2220 257 2284 maximam
280 2223 406 2303 partem
429 2221 572 2304 legatam
596 2241 675 2303 esse,
698 2219 775 2304 quia
792 2219 826 2282 in
845 2221 966 2285 maiore
985 2222 1091 2285 minor

83 2328 210 2394 quoque
237 2308 371 2390 inesset,
402 2306 530 2372 Servius
558 2307 672 2373 Ofilius
703 2309 884 2392 minimam,
914 2309 990 2392 quia
1017 2332 1091 2374 cum

82 2396 173 2462 heres
207 2397 283 2461 dare
316 2396 486 2461 damnatus
520 2402 615 2483 esset,
647 2397 681 2460 in
708 2401 870 2481 potestate
901 2401 969 2462 eius
999 2403 1091 2481 esset,
1200 2461 1202 2465 ,

82 2507 178 2570 quarn
202 2487 327 2569 partem
351 2486 450 2550 daret.

171 2575 201 2638 6.
234 2572 274 2638 D.
296 2575 353 2652 40,
378 2576 407 2656 l,
429 2574 472 2638 39
491 2597 539 2658 pr.
584 2573 754 2640 Iavolenus
786 2575 870 2641 libro
903 2581 1018 2660 quarto
1051 2599 1090 2640 ex

82 2662 314 2746 posterioribus
336 2661 497 2727 Labeonis
521 2659 570 2749 (P.
596 2661 682 2750 196).
736 2662 899 2729 ‘Stichum
927 2665 1021 2730 Attio
1050 2665 1091 2730 do

81 2752 152 2837 lego
178 2755 224 2836 et,
250 2751 328 2815 siis
358 2753 387 2815 ei
414 2773 563 2817 nummos
586 2758 713 2816 centum
736 2752 872 2837 dederit,
895 2754 977 2817 liber
998 2753 1090 2819 esto'.

141 2862 216 2904 eum
230 2888 255 2905 ..
272 2840 500 2905 statuliberum
523 2861 591 2904 esse
615 2838 754 2915 Quintus
772 2841 898 2906 Mucius
918 2840 1032 2907 Gallus

82 2932 209 3012 putant,
232 2925 363 2994 Servius
387 2929 502 2994 Ofilius
525 2951 591 2993 non
613 2950 693 2993 esse.

503 3104 549 3162 De
569 3104 670 3162 tutelis.

173 3222 200 3286 7.
235 3219 303 3285 Gai.
326 3221 352 3306 I,
373 3223 434 3286 188
534 3222 664 3304 quidam
687 3220 827 3305 quinque
851 3243 971 3306 genera
994 3219 1090 3304 (tute-
1177 3198 1179 3203 Ι

83 3307 296 3483 lsappiingupssc
319 3311 474 3394 dixerunt,
497 3314 535 3374 ut
558 3309 596 3386 Q.
618 3309 758 3392 MuciuS,
782 3309 839 3373 alii
862 3311 941 3394 tria,
964 3314 1000 3373 ut
1024 3307 1090 3374 Ser.

154 3543 168 3590 1
190 3537 219 3593 0.
238 3536 326 3593 ferme
344 3537 392 3593 rei.
