2422 3840
269 170 296 218 ¹1.
319 162 352 231 Q.
368 161 506 221 Muclus
524 163 554 219 P.
569 164 600 218 F.
613 163 645 220 P.
658 164 693 219 N.
708 161 898 219 SCAEVOLA
1045 163 1088 227 93

76 331 201 412 actum,
226 327 429 394 venditorem
453 325 648 391 teneri-non
670 348 778 412 posse,
806 327 871 391 nisi
894 326 1089 391 nominatim

75 417 195 482 dixerit
209 438 413 482 accessurum
426 415 489 481 iter
502 415 553 480 rel
568 421 690 479 aetum:
704 424 781 479 tuno
796 415 883 479 enim
897 416 1000 480 teneri
1014 437 1087 480 eum

75 506 131 591 qui
153 506 203 572 its
226 503 353 570 dixerit.
393 507 427 568 et
448 525 525 569 vera
544 506 594 568 est
612 502 724 578 Quinti
742 502 843 567 Mucii
862 504 1030 586 sententia,
1053 509 1091 568 ut

76 594 133 680 qui
146 595 306 678 optimum
322 595 562 676 maximumque
575 591 709 656 fundum
720 591 935 673 macapooitz
951 593 1088 657 liberum

75 686 237 766 praestet,
259 703 325 747 non
348 680 447 747 etism
471 681 580 746 deberi
603 682 683 744 alias
707 682 878 745 servitutes
902 679 972 747 ...²

167 784 247 845 Cum
259 785 378 845 Mucius
392 785 428 843 de
443 787 612 843 ostentum
626 785 772 843 servitute
786 785 891 862 egerit,
906 803 983 861 quae
997 785 1090 844 fundo

76 873 114 934 ut
135 891 214 934 onus
236 873 382 947 inhaeret,
408 873 608 933 Tribonianus
632 873 712 948 apud
734 873 915 932 Venuleium
939 874 1031 932 etiam
1053 874 1090 932 de

76 963 132 1022 ills
153 962 286 1040 disserit,
309 981 386 1041 quae
409 962 501 1022 fundo
524 964 561 1020 ut
584 961 770 1021 commodum
790 980 905 1021 annexa
924 965 971 1022 est
988 962 1090 1038 itaque

75 1052 172 1111 Mucii
194 1053 375 1112 sententiam
398 1051 540 1126 corrupit.
582 1050 756 1110 Triboniani
777 1069 884 1110 manus
906 1051 938 1110 in
961 1050 1090 1111 dictione

75 1141 199 1200 ridetur
223 1140 407 1216 deprehendi
430 1133 503 1222 (cisi
525 1144 558 1199 ut
581 1183 610 1199 ..
633 1142 658 1198 st
680 1157 747 1198 cero
771 1183 800 1198 ..
822 1144 882 1200 cisi
904 1182 935 1200 ..
957 1135 1039 1220 wisi).

167 1241 213 1307 5?
240 1242 279 1307 D.
299 1241 356 1324 18,
376 1242 484 1324 1,66,
506 1243 533 1306 1.
583 1239 780 1324 Pomponius
809 1242 892 1306 libro
920 1240 1090 1325 trigesimo

75 1331 185 1415 primo
204 1329 244 1395 sd
260 1328 296 1406 Q.
310 1329 452 1396 Mucium
468 1327 519 1414 (P.
534 1327 624 1416 303).
658 1328 692 1393 si
706 1327 786 1411 quc³
800 1331 937 1395 servitus
952 1331 1090 1396 venditis

77 1419 221 1503 praediis
244 1418 416 1484 deberetur
437 1440 497 1482 nec
520 1420 821 1484 commemoraverit
844 1419 1006 1503 venditor,
1034 1421 1090 1484 sed

77 1509 185 1572 sciens
215 1529 284 1572 esse
311 1507 489 1591 reticuerit,
522 1512 555 1571 et
584 1506 626 1571 ob
654 1506 687 1569 id
715 1530 771 1591 per
798 1509 1018 1592 ignorantiam
1045 1509 1091 1574 rei

79 1602 209 1680 emptor
228 1618 295 1661 non
314 1596 434 1661 utendo
447 1617 506 1678 per
523 1593 700 1661 biesucicm‘1¹
719 1618 788 1660 eam
809 1598 995 1670 servitutem
1014 1598 1091 1662 anri-

80 1688 168 1766 serit,
191 1685 322 1770 quidam
343 1688 429 1749 recte
447 1689 565 1768 putant
583 1685 782 1748 venditorem
802 1687 905 1750 teneri
924 1709 963 1750 ex
982 1693 1090 1769 empto

77 1775 119 1838 ob
144 1774 265 1838 dolum.

168 1863 199 1929 6.
223 1863 262 1928 D.
280 1864 330 1945 18,
347 1865 375 1944 1,
389 1863 442 1948 66,
456 1863 485 1928 2.
510 1863 708 1945 Pomponius
722 1861 797 1926 ibid.
813 1860 951 1937 Quintus
965 1862 1090 1929 Mucius

79 1951 210 2031 scribit:
230 1951 293 2028 Qui
308 1952 439 2035 scripsit
454 1949 539 2015 ‘ruta
553 1973 646 2016 caesa
660 1972 805 2034 quaeque
821 1952 947 2015 aedium
961 1952 1091 2016 fundire

77 2062 144 2105 non
169 2038 263 2104 sunt'
288 2041 338 2105 bis
362 2040 446 2104 idem
472 2040 636 2123 scriptum.

169 2141 252 2213 Quae
277 2145 457 2220 sequuntur:
481 2135 563 2201 ‘nam
586 2146 655 2202 ruta
678 2160 765 2201 caesa
788 2161 824 2200 ea
844 2147 921 2218 sunt,
945 2161 1021 2218 quae
1039 2162 1090 2202 ne·

78 2250 137 2308 que
162 2231 281 2290 sedium
304 2251 402 2309 neque
425 2232 511 2290 fundi
535 2225 626 2307 sunt',
648 2251 708 2290 non
732 2231 836 2304 Mucii,
860 2231 912 2290 sed
935 2230 1091 2306 Pomponii

76 2338 141 2379 esse
167 2324 302 2396 apparet.

398 2419 455 2490 [De
472 2419 618 2473 arboribus
635 2418 773 2490 cruditis]

170 2519 200 2582 7.
224 2518 263 2584 D.
278 2519 331 2603 19,
348 2523 374 2599 1,
388 2521 441 2585 40.
476 2517 673 2603 Pomponius
692 2521 777 2585 libro
796 2520 965 2605 trigesimo
984 2521 1090 2605 primo

80 2608 120 2672 ad
136 2606 173 2683 Q.
184 2606 326 2672 Mucium
342 2604 391 2694 (P.
401 2604 491 2694 306).
524 2609 678 2690 [Quintus
692 2608 817 2673 Mucius
836 2610 962 2690 scribit]
982 2609 1091 2674 Domi·

79 2719 141 2761 nus
173 2696 267 2761 fundi
300 2696 339 2761 de
370 2698 502 2782 praedio
534 2699 664 2762 arbores
692 2701 815 2761 stantes
843 2699 1031 2763 vendiderat
1059 2704 1091 2762 et

79 2807 139 2870 pro
158 2784 210 2850 his
229 2786 325 2851 rebus
344 2782 565 2873 (arboribus?)
585 2786 753 2870 pecuniam
772 2788 897 2870 accepit
915 2791 948 2851 et
965 2788 1091 2851 tradere
1170 2850 1174 2857 ,

78 2874 224 2939 nolebat.
252 2878 379 2958 emptor
398 2874 583 2958 quaerebat,
603 2875 677 2958 quid
698 2876 856 2939 sefacere
876 2881 1040 2959 oporteret
1059 2881 1092 2942 et

78 2963 254 3028 verebatur
277 2963 311 3044 Q.
326 2962 464 3045 Muciae,
486 2984 526 3027 ne
544 2963 606 3027 hae
626 2963 758 3027 arbores
777 2965 845 3028 eius
865 2987 930 3029 non
949 2965 1091 3029 videren-

77 3055 133 3115 tur
155 3051 269 3116 factae.

170 3153 386 3231 Fragmentum
422 3173 441 3213 a
474 3154 654 3215 Tritoniano
692 3158 866 3230 corruptum
904 3173 967 3214 esse
1000 3173 1092 3231 supra

80 3263 110 3319 p.
130 3244 171 3302 68
198 3243 408 3303 demonstravi.
455 3245 490 3302 cf.
518 3243 553 3303 D.
576 3246 631 3321 41,
653 3247 684 3320 1,
705 3246 745 3303 48
773 3238 794 3302 ³.
809 3291 838 3303 ..
862 3243 1016 3318 quaeritur

154 3399 168 3448 1
196 3394 385 3450 Tritoru'aucs
405 3394 531 3450 tradidit.
622 3402 638 3450 2
665 3395 731 3449 ‘nisi
751 3396 804 3450 hoc
822 3394 985 3464 specialiter
1003 3396 1039 3450 ab
1058 3413 1091 3450 eo

81 3480 225 3519 accessum
244 3466 292 3519 sit'
312 3466 499 3522 Tritoniacam
512 3468 619 3522 adiecit.
692 3473 708 3520 3
728 3466 763 3522 F.
779 3481 843 3535 qua.
916 3470 933 3518 4
954 3465 1028 3521 Trio.
1042 3484 1092 3534 per

82 3537 219 3590 statutum
238 3541 358 3607 tempus.
