2422 3840
374 188 398 237 b.
421 182 451 236 C.
466 181 669 237 TREBATIUS
689 181 805 236 TESTA
1029 180 1094 245 395

173 349 280 424 Legati
308 349 399 409 verba
426 369 445 408 a
467 350 606 409 Iavoleno
634 353 666 409 et
688 369 707 407 a
729 349 892 424 Pomponio
916 349 1011 408 allata
1032 351 1094 409 fere

84 439 189 499 eadem
216 456 280 496 esse
307 457 394 497 nemo
423 456 482 496 non
509 438 600 498 videt.
647 457 722 515 quae
749 457 819 497 vere
847 440 974 514 uterque
1000 438 1093 514 addit,

84 529 128 587 ita
147 528 265 586 diversa
282 529 361 604 sunt,
384 530 419 585 ut
438 526 570 586 dubitari
590 527 688 604 liceat,
710 545 784 585 num
802 527 907 584 eadem
923 544 971 585 res
988 527 1039 596 sit,
1058 528 1093 586 de

83 636 144 693 qua
171 619 297 690 utroque
326 616 392 675 loco
420 615 594 674 Trebatium
623 615 731 674 dixisse
760 615 901 675 traditur.
951 621 983 674 at
1009 615 1094 674 Pom-

83 704 166 780 ponii
194 705 297 777 verba,
327 722 403 780 quae
431 723 449 762 a
476 703 657 763 Triboniano
685 721 773 779 saepe
799 705 917 762 mutata
946 722 1010 762 esse
1033 703 1095 762 iarn

83 793 164 870 apud
182 793 315 868 Mucium
333 792 463 852 vidimus
483 785 532 873 (cf.
547 812 576 868 p.
593 785 658 872 66),
680 793 737 851 hcc
756 811 875 870 quoque
893 793 958 852 leco
977 795 1095 852 mutata

84 885 162 941 sunt.
208 882 318 940 adiecit
346 881 545 940 Tribonianns
572 900 633 940 non
660 881 747 940 modo
770 881 874 941 verba:
903 874 941 939 ‘si
967 899 1002 940 ea
1025 882 1094 940 lati·

82 975 151 1030 tans
183 973 343 1045 patronum
371 970 407 1028 de
438 969 534 1029 medio
563 970 712 1045 discessit,
744 972 780 1028 ut
806 973 908 1028 tamen
936 970 1095 1029 consilium

82 1062 225 1118 retineret
251 1059 381 1117 habendi
409 1077 511 1118 secum
537 1052 668 1135 liberos',
697 1058 749 1116 sed
777 1058 869 1117 etiam
897 1059 983 1117 haee:
1012 1053 1095 1134 ‘quia

81 1167 142 1206 non
166 1166 251 1206 omne
275 1150 461 1206 momentum
485 1147 664 1225 exigendum
687 1147 739 1223 sit,
766 1150 803 1206 ut
826 1165 894 1206 cum
917 1147 1020 1206 liberis
1044 1148 1093 1225 sit,

80 1230 161 1310 sed',
193 1237 271 1312 qued
303 1237 421 1311 plenius
450 1237 653 1295 demonstrare
682 1253 757 1311 opus
784 1255 844 1295 non
871 1254 935 1295 esse
964 1236 1093 1295 videtur.

81 1325 113 1383 id
135 1328 256 1383 tanturn
279 1344 392 1402 moneo,
415 1325 447 1384 in
470 1323 504 1394 Q.
524 1325 616 1384 Mucii
639 1344 756 1402 quoque
779 1325 958 1402 fragmento,
982 1325 1014 1382 in
1032 1344 1092 1400 quo

81 1414 185 1490 agitur
216 1413 252 1471 de
280 1414 374 1490 patris
402 1414 533 1473 familias
561 1414 648 1472 iussu
676 1408 746 1471 ‘filii
772 1412 910 1490 filiaeque
938 1432 1022 1472 meae
1050 1414 1093 1472 ibi

82 1505 184 1575 sunto,
213 1502 267 1560 ubi
294 1521 344 1562 ecs
370 1508 467 1562 mater
490 1521 545 1561 sua
568 1520 631 1561 esse
654 1495 762 1578 volet’,
790 1502 1005 1561 Tribonianum
1029 1522 1093 1562 ora-

80 1592 193 1650 tionem
216 1610 337 1666 prorsus
361 1594 503 1650 mutasse.
549 1592 697 1664 utsupra
719 1611 746 1665 p.
768 1593 808 1650 86
821 1609 863 1666 sq.

171 1680 345 1739 Triboniani
373 1679 560 1739 emblematis
588 1680 690 1737 eiectis
717 1679 778 1737 iam
804 1679 839 1736 de
863 1678 980 1738 duabus
1003 1680 1092 1739 rebus

80 1769 196 1827 dietum
218 1787 282 1828 csse
305 1769 405 1845 palam
429 1772 487 1827 est:
511 1770 565 1826 aut
588 1761 679 1826 ‘filius
703 1770 839 1826 amatre
862 1762 1015 1842 migravit'
1040 1772 1093 1829 aut

82 1852 190 1915 ‘mater
211 1857 308 1915 filiurn
328 1876 347 1915 a
365 1875 397 1915 se
416 1849 549 1915 dimisit'.
587 1857 667 1932 quod
685 1855 724 1914 ad
741 1855 826 1930 prius
845 1855 962 1931 attinet,
986 1857 1092 1916 distin-

81 1946 222 2023 guebant,
241 1949 346 2003 utrum
363 1941 444 2003 filius
462 1963 556 2020 aeque
575 1947 666 2020 atque
685 1947 782 2003 mater
800 1942 920 2019 Capuae
939 1945 1091 2005 habitaret

80 2051 185 2093 necne:
223 2028 265 2092 ‘si
301 2033 388 2092 ambo
427 2031 547 2109 Capuae
588 2032 788 2109 habitassent,
830 2033 965 2108 legatum
1002 2035 1092 2092 matri

80 2121 186 2180 debitn
207 2116 256 2179 iri’
280 2121 439 2181 Iavolenus
461 2120 595 2197 putavit,
624 2115 771 2196 ‘quamvis
794 2139 855 2179 una
876 2139 937 2179 non
959 2121 1090 2180 habitas·

81 2204 168 2268 sent'.
215 2210 241 2268 si
268 2213 364 2268 mater
390 2209 487 2268 filium
514 2229 532 2268 a
559 2227 590 2268 se
618 2209 744 2285 dimisit,
772 2209 800 2267 ei
826 2228 862 2268 ex
884 2210 979 2287 legati
1001 2229 1092 2270 cansa

80 2298 157 2356 nihil
189 2298 290 2357 deberi
320 2317 421 2358 omnes
450 2298 684 2359 consentiebant.
737 2298 817 2375 quod
847 2299 884 2356 ad
915 2299 1092 2358 Trebatium

79 2386 199 2462 attinet,
222 2387 281 2447 duc
300 2387 421 2447 videtur
439 2377 639 2464 constituisse,
661 2388 799 2463 primum,
819 2387 891 2463 quid
909 2387 984 2446 iuris
1004 2391 1091 2465 esset,

79 2476 106 2535 si
128 2480 234 2549 mater,
260 2474 363 2550 Capua
386 2477 536 2551 derelicta,
560 2495 628 2535 cum
650 2475 712 2534 filie
735 2476 767 2534 in
791 2475 873 2533 aliud
894 2476 1091 2552 municipium

49 2589 52 2596 ¹
79 2565 251 2641 transisset,
280 2597 322 2606 -
351 2559 456 2624 ‘unius
488 2564 558 2623 anni
590 2564 799 2623 tantummode
833 2564 960 2623 ducenta
987 2565 1092 2625 debitn

79 2653 130 2729 iri,
159 2673 217 2728 qno
245 2672 307 2712 una
329 2648 493 2730 (Capuae)
516 2653 703 2712 habitassent
727 2653 914 2728 quantolibet
936 2647 1090 2732 tempore’,

78 2773 123 2783 —
147 2742 253 2800 deinde
277 2742 349 2818 quid
371 2743 446 2801 iuris
470 2744 561 2819 esset,
585 2742 611 2800 si
633 2741 714 2800 filius
738 2761 757 2800 a
778 2746 875 2800 matre
899 2741 1091 2819 discessisset,

79 2849 147 2889 cum
168 2831 234 2905 ipsa
253 2849 318 2888 eam
336 2833 465 2889 mentem
483 2830 647 2905 habuisset,
668 2849 706 2888 ne
724 2829 821 2888 filium
840 2847 858 2887 a
876 2832 972 2890 semet
990 2832 1090 2890 dimit·

78 2923 169 2979 teret:
196 2950 232 2960 -
259 2919 362 2978 deberi
385 2920 413 2977 ei
435 2920 570 2994 legatum
593 2918 752 2977 Trebatius
775 2918 904 2994 putavit.

168 3007 250 3077 Quae
274 3007 475 3067 Tribonianns
499 3007 652 3082 deleverit,
674 3007 831 3065 nescimus.
871 3006 987 3066 addidit
1010 3013 1089 3067 certe

77 3097 157 3155 hunc
192 3115 306 3154 casum:
344 3097 370 3155 si
405 3096 515 3155 liberta
551 3089 692 3154 *latitans
728 3098 888 3170 patronum
923 3095 959 3153 de
992 3097 1089 3156 medio

78 3178 231 3244 discessit'
255 3185 358 3243 liberis
382 3184 544 3256 derelictis,
568 3176 619 3242 ‘ut
641 3185 742 3242 tamen
765 3183 924 3242 eonsilium
946 3184 1090 3245 retineret

77 3272 208 3331 habendi
228 3292 329 3332 secum
347 3267 482 3332 libercs’:
506 3273 575 3331 huie
594 3290 711 3347 quoque
729 3272 816 3330 uxori
833 3272 970 3347 legatum
988 3273 1090 3333 deberi

78 3362 200 3438 statuit,
231 3357 317 3439 ‘quia
348 3381 408 3421 non
435 3380 521 3422 omne
549 3363 734 3420 momentum
762 3360 941 3436 exigendum
970 3361 1021 3438 sit,
1052 3365 1089 3422 ut

76 3468 146 3509 cum
168 3450 270 3509 liberis
293 3445 353 3511 sit'.
