2422 3840
100 131 164 194 144
203 132 247 187 VI.
272 132 407 188 OCTAVI
426 131 524 188 SAEG.
542 133 639 188 IURIS
659 131 971 189 consuescamus
990 135 1109 190 Pallia

1 327 4 330 ·
98 320 155 376 que
174 302 263 360 rebus
281 302 404 360 honeste
424 320 457 360 ac
476 321 530 376 pro
549 305 603 361 tua
622 303 768 380 dignitate
782 301 905 380 poteris,
924 301 1039 363 iuveris
1056 297 1108 363 ...’

112 389 183 448 ibid.
205 392 255 466 13,
271 393 336 449 22.

97 382 111 471 <
188 472 232 536 ‘Ia
256 381 399 555 costinio,
422 479 517 538 amico
542 482 572 537 et
595 479 701 539 tribuli
724 498 786 556 suo,
810 480 898 538 valde
917 479 1110 539 familiariter

98 571 168 626 utor
283 571 350 627 tota
376 567 504 627 Cossinii
535 568 641 626 domus
673 588 721 627 me
753 568 852 646 diligit
884 568 916 626 in
944 569 1108 647 primisque

98 656 225 715 libertus
247 657 319 733 eius,
343 656 375 715 L.
396 656 548 716 Cossinius
567 656 741 734 Anchialus,
764 658 853 716 homo
877 660 907 716 et
926 659 1055 732 patrono
1079 662 1108 717 et

97 746 218 821 patroni
235 746 419 823 necessariis,
439 765 498 823 quo
517 746 686 805 innumero
702 764 847 823 egosum‚
866 743 1106 821 probatissimus.

98 836 177 893 hunc
204 835 261 893 tibi
289 835 333 893 ita
361 835 547 912 commendo,
579 838 614 892 ut
642 835 668 893 si
694 853 778 894 meus
806 835 934 909 libertus
963 839 1045 895 esset
1068 830 1105 894 ..'

97 916 182 1003 (ibid.
204 926 254 1001 13,
271 916 334 1003 23).

186 1006 405 1090 ‘Hagesaretus
432 1011 605 1089 Larisaeus,
633 1012 749 1090 magnis
777 1013 851 1072 meis
878 1011 1034 1072 beneficiis
1062 1033 1105 1073 or-

96 1104 186 1160 natus
209 1103 240 1158 in
264 1101 423 1160 consulatu
441 1120 520 1179 meo,
553 1120 666 1160 mernor
694 1104 724 1160 et
751 1104 857 1178 gratus
880 1100 939 1160 fuit
1040 1121 1106 1161 eum

96 1190 154 1248 tibi
181 1209 290 1266 magno
319 1208 407 1265 opere
436 1190 622 1267 commendo,
651 1192 685 1248 ut
714 1193 744 1248 et
771 1191 920 1267 hospitem
948 1210 1052 1250 meum
1077 1195 1106 1250 et

96 1279 276 1338 familiarem
300 1273 364 1337 ...’
389 1274 473 1355 (ibid.
495 1281 545 1355 13,
561 1269 627 1359 25).

186 1362 231 1426 Ἱι.
245 1367 464 1427 Mescinius'ea
482 1387 598 1426 mecum
615 1367 834 1426 necessitudine
854 1368 1033 1429 coniunctus
1053 1373 1105 1445 est,

97 1456 177 1532 quod
199 1457 274 1514 mihi
297 1459 438 1532 quaestor
460 1455 520 1514 fuit
601 1460 671 1532 peto
694 1456 789 1534 igitur
811 1476 829 1514 a
851 1460 892 1534 te,
988 1461 1025 1517 ut
1044 1459 1105 1518 eius

94 1545 230 1619 negotia,
263 1563 339 1621 quae
373 1548 443 1604 sunt
475 1544 507 1602 in
538 1545 665 1618 Achaia,
698 1564 735 1603 ex
766 1564 800 1604 eo
833 1545 913 1622 quod
945 1547 1031 1606 heres
1062 1550 1106 1606 est

94 1634 133 1691 M.
153 1633 267 1692 Mindio
288 1633 377 1692 fratri
396 1652 458 1711 suo,
482 1633 534 1710 qui
553 1634 638 1693 Elide
656 1634 830 1710 negotiatus
850 1636 903 1709 est,
927 1635 1059 1710 explices
1078 1639 1106 1694 et

95 1722 234 1797 expedias
258 1742 325 1781 cum
347 1722 412 1781 iure
441 1725 471 1781 et
494 1724 643 1798 potestate
667 1742 758 1797 quam
780 1723 885 1801 habes,
917 1726 985 1782 turn
1013 1725 1105 1783 etiam

96 1812 274 1870 auctoritate
303 1814 333 1869 et
355 1811 479 1870 consilio
507 1814 569 1870 tuo.
616 1812 657 1870 sic
688 1812 767 1870 enim
789 1813 1038 1888 praescripsimus
1062 1814 1105 1890 iis,

95 1900 203 1975 quibus
222 1919 257 1959 ea
275 1901 396 1976 negotia
413 1900 632 1977 mandavimus,
656 1903 690 1958 ut
704 1901 841 1960 omnibus
859 1901 892 1958 in
905 1902 1004 1980 rebus,
1029 1921 1105 1978 quae

94 1990 126 2046 in
150 1989 537 2065 aliquamacontroversiam
560 1992 748 2065 vocarentur,
771 1992 801 2048 te
825 1989 937 2049 arbitro
962 1994 1002 2067 et,
1026 1991 1106 2066 quod

94 2080 248 2138 commodo
275 2082 329 2138 tuo
357 2079 420 2137 fieri
443 2081 557 2154 posset,
586 2081 615 2136 te
639 2077 838 2152 disceptatore
862 2082 1028 2138 uterentur.
1075 2080 1106 2138 id

94 2170 130 2225 ut
147 2168 268 2226 honoris
287 2167 346 2225 mei
365 2185 455 2226 eausa
473 2167 626 2242 suscipiaS,
644 2167 835 2226 vehementer
852 2169 883 2225 te
902 2167 996 2226 etiam
1013 2170 1105 2247 atque

95 2256 186 2314 etiam
209 2275 291 2333 rogo.
328 2255 404 2313 illud
427 2257 591 2330 praeterea,
615 2255 716 2314 sinon
737 2256 935 2314 alienumtua
954 2256 1103 2334 dignitate

93 2345 215 2419 putabis
239 2363 317 2415 esse,
344 2343 450 2402 feceris
473 2342 547 2400 mihi
569 2347 756 2420 pergratum,
785 2345 810 2403 si
841 2344 892 2421 qui
921 2344 1105 2406 difficiliores

95 2437 195 2506 amnt,
227 2434 263 2490 ut
294 2451 357 2489 rem
386 2432 449 2489 sine
477 2433 680 2491 controversia
708 2432 813 2492 confici
842 2433 952 2508 noluit,
986 2434 1012 2492 si
1045 2454 1104 2511 eos,

95 2521 234 2596 quoniam
257 2539 325 2578 oum
349 2523 486 2579 senatore
509 2539 556 2579 res
585 2524 643 2594 est,
675 2522 802 2595 Romam
828 2521 974 2582 reieceris.
1022 2524 1104 2599 quod

95 2628 152 2685 quo
185 2609 298 2667 minore
327 2608 513 2667 dubitatione
540 2610 638 2669 faeere
666 2628 779 2685 posses,
812 2610 931 2670 litteras
958 2611 998 2669 ad
1027 2614 1059 2670 te
1088 2632 1105 2670 a

95 2698 134 2756 M.
157 2696 271 2773 Lepido
296 2698 428 2774 consule,
456 2717 516 2756 non
540 2717 615 2774 quae
639 2703 669 2757 te
693 2699 809 2775 aliquid
831 2700 969 2759 iuberent
992 2693 1103 2779 (neque

94 2787 173 2844 enim
196 2787 227 2844 id
251 2789 320 2845 tuae
345 2787 502 2864 dignitatis
532 2806 595 2846 esse
619 2780 868 2866 arbitrabamur),
899 2788 951 2847 sed
975 2790 1105 2864 quodam

94 2875 181 2934 modo
205 2876 291 2950 quasi
314 2875 574 2935 commendaticias
599 2877 778 2950 sumpsimus
803 2871 843 2936 ..'
868 2870 952 2953 (ibid.
970 2879 1020 2952 13,
1037 2870 1102 2958 27).

183 2959 201 3023 ‘.
218 3007 247 3022 ..
272 2963 303 3023 O.
323 2965 456 3023 Avianus
476 3010 500 3022 ..
521 2965 717 3024 Hammonius
736 2966 926 3025 incredibiles
945 2966 1022 3024 mihi
1036 2987 1104 3045 gra·

93 3053 152 3112 tias
175 3072 229 3128 per
247 3053 364 3112 litteras
384 3053 447 3128 egit
466 3055 496 3111 et
516 3053 562 3111 sui
581 3057 612 3111 ct
630 3052 753 3112 Aemilii
768 3054 886 3132 Aviani,
909 3056 1031 3130 patroni
1049 3056 1103 3132 sui,

93 3143 212 3201 nomine
319 3141 396 3200 illud
422 3147 452 3200 te
485 3161 571 3218 rogo,
604 3148 639 3200 ut
665 3143 734 3202 illos
763 3162 879 3220 quoque
906 3146 1011 3221 gratos
1040 3162 1103 3204 esse

93 3231 227 3290 homines
245 3234 344 3308 putee,
369 3229 448 3307 quod
466 3230 511 3289 ita
529 3249 593 3290 esse
611 3231 669 3289 tibi
687 3233 830 3306 promitto
845 3235 936 3308 atque
951 3233 1102 3293 confirmo.

93 3339 185 3395 quare
208 3321 312 3393 velim,
336 3318 483 3396 quidquid
506 3319 617 3378 habent
639 3321 763 3397 negotii,
787 3321 838 3379 des
862 3339 998 3397 operam,
1022 3322 1103 3399 quod

92 3410 248 3572 ffim⁰d⁰
271 3413 325 3573 tue,
344 3409 406 3480 fiat,
428 3410 464 3466 ut
482 3411 513 3466 te
532 3408 686 3468 obtinente
705 3410 849 3468 Achaiam
870 3410 1030 3470 conficiant
1050 3404 1103 3471 ...’

106 3498 115 3552 5
138 3497 146 3552 r
170 3544 175 3554 ,
198 3499 247 3574 13,
269 3499 334 3556 aa.
