2422 3840
140 164 204 228 320
231 163 304 219 VIII.
320 161 455 218 OCTAVI
469 162 567 218 saud.
577 162 673 219 IURIS
688 157 862 217 CONSULT.
872 158 996 216 saulus
1010 161 1153 218 TERTIA

138 327 243 411 possit
264 326 366 390 invito
392 347 439 408 eo,
462 325 550 390 cuius
573 328 643 390 tum
666 326 694 390 is
718 348 829 393 servus
852 327 976 404 fuisset,
1000 326 1029 389 ei
1052 327 1152 394 solvi.

140 416 197 480 sed
224 418 256 479 et
280 415 307 479 si
331 415 402 499 quis
426 415 621 479 dominicam
644 416 812 498 pecuniam
836 417 877 480 ab
901 438 938 481 eo
962 415 1151 481 faeneratus

139 507 233 589 esset,
256 505 282 568 si
305 502 465 587 permissu
488 502 610 568 domini
633 525 744 567 servus
763 507 931 590 negotium
949 504 1150 570 dominicum

139 595 307 678 gessisset,
335 593 420 657 idem
447 592 526 656 iuris
550 593 612 656 est:
640 591 767 656 videtur
790 594 876 657 enim
899 595 1069 657 voluntate
1093 594 1150 658 do·

138 682 219 746 mini
250 681 319 766 [qui
347 702 419 745 cum
443 702 533 744 servo
556 680 723 766 negotium
747 682 963 764 contraheret]
988 685 1022 744 et
1043 683 1085 746 ab
1111 704 1150 747 eo

139 771 283 853 accipere
307 773 340 834 et
362 770 391 833 ei
416 770 548 834 solvere.

227 877 280 941 93.
308 876 346 940 D.
367 875 417 959 15,
436 876 466 958 3,
485 875 536 940 16.
574 873 708 939 Alfenus
733 876 817 942 libro
837 876 975 941 secundo
995 874 1150 962 Digesto·

137 988 209 1029 rum
240 961 290 1051 (P.
313 962 377 1053 11).
427 961 566 1039 Quidam
597 963 731 1028 fundum
764 966 932 1030 colendum
964 987 1058 1029 servo
1091 989 1149 1032 suo

138 1053 258 1118 locavit
280 1057 312 1116 et
334 1053 434 1118 boves
459 1052 487 1116 ei
511 1051 650 1116 dederat.
691 1075 763 1116 cum
782 1054 816 1118 hi
835 1054 934 1119 boves
954 1077 1019 1118 non
1038 1059 1149 1118 essent

137 1142 258 1224 idonei,
281 1143 421 1206 iusserat
444 1162 498 1205 eos
520 1142 630 1206 venire
654 1145 686 1204 et
709 1141 760 1206 his
782 1143 924 1207 nummis
948 1144 1003 1228 qui
1025 1144 1149 1227 recepti

32 1253 35 1261 ·
139 1235 247 1295 essent
273 1232 353 1295 alios
380 1230 532 1314 reparari.
579 1251 689 1294 servus
713 1231 812 1295 boves
835 1231 1036 1313 vendiderat,
1066 1232 1147 1297 alios

138 1319 327 1402 redemerat,
360 1340 509 1383 nummos
547 1319 707 1383 venditori
741 1341 807 1383 non
845 1319 997 1404 solverat,
1032 1325 1149 1405 postea

140 1409 395 1472 conturbaverat.
427 1405 482 1491 qui
500 1407 599 1471 boves
615 1407 803 1472 vendiderat
815 1430 965 1473 nummos
979 1431 999 1472 a
1016 1408 1148 1474 domino

139 1497 270 1580 petebat
298 1495 422 1560 actione
450 1494 488 1559 de
515 1496 641 1580 peculio
670 1499 727 1560 aut
754 1497 840 1579 quod
867 1498 900 1561 in
928 1519 996 1561 rem
1025 1496 1149 1562 domini
1175 1559 1177 1564 .

139 1606 266 1648 versum
290 1586 383 1667 esset,
407 1605 480 1651 cum
498 1585 598 1649 boves
616 1606 675 1667 pro
695 1585 812 1668 quibus
830 1586 965 1668 pecunia
983 1589 1149 1669 peteretur

138 1695 238 1757 penes
267 1672 432 1737 dominum
459 1677 576 1737 essent.
623 1673 790 1757 respondit
816 1696 881 1739 non
904 1674 1005 1738 videri
1028 1676 1149 1759 peculii

140 1762 312 1847 quicquam
340 1783 424 1847 esse,
450 1761 514 1826 nisi
537 1763 564 1826 si
588 1761 665 1847 quid
688 1761 823 1826 deducto
846 1783 899 1845 eo,
927 1763 1012 1847 quod
1037 1786 1148 1828 servus

139 1850 269 1916 domino
303 1850 479 1935 debuisset,
511 1849 671 1934 reliquum
699 1850 798 1915 fieret.
848 1851 928 1915 illud
957 1851 1021 1915 sibi
1049 1853 1151 1916 videri

34 1956 37 1961 ·
140 1940 238 2004 boves
262 1940 390 2025 quidem
413 1941 447 2002 in
470 1961 537 2003 rem
562 1939 685 2003 domini
707 1961 819 2004 versos
843 1961 926 2022 esse,
950 1940 1006 2007 sed
1027 1963 1087 2025 pro
1112 1963 1151 2005 ea

139 2050 173 2092 re
196 2029 329 2093 solvisse
353 2031 488 2112 tantum,
511 2030 623 2112 quanti
647 2028 772 2111 priores
796 2029 894 2093 boves
918 2028 1098 2113 venissent,
1123 2031 1150 2094 si

140 2138 203 2202 quc
228 2117 393 2202 amphoris
416 2119 571 2201 pecuniae
595 2116 791 2200 posteriores
815 2118 915 2182 boves
935 2120 1053 2201 essent,
1079 2119 1147 2184 eius

140 2212 288 2290 oportere
312 2207 477 2271 dominum
500 2204 717 2271 condemnari.

495 2422 542 2480 De
564 2387 793 2482 doadictiooc'bus.

228 2542 281 2606 94.
304 2540 342 2604 D.
360 2541 409 2624 12,
424 2540 454 2623 6,
468 2541 519 2605 36.
558 2539 679 2604 Paulus
697 2539 781 2604 libro
801 2543 913 2626 quinto
933 2542 1152 2626 epitomarum

142 2628 250 2694 Alfeni
273 2629 482 2713 Digestorum
503 2626 550 2712 (P.
566 2625 633 2714 69).
670 2626 787 2694 Servus
807 2629 971 2695 cuiusdam
990 2631 1151 2696 insciente

140 2719 270 2783 domino
298 2716 460 2803 magidem
488 2717 719 2802 commodavit,
752 2719 780 2782 is
809 2720 860 2783 oui
890 2720 1153 2784 commodaverat

139 2807 269 2890 pignori
293 2828 364 2870 eam
387 2806 496 2889 posuit
519 2810 551 2870 et
574 2806 672 2891 fugit3
697 2807 751 2892 qui
773 2807 898 2891 accepit
915 2830 981 2872 non
999 2808 1096 2872 aliter
1116 2831 1152 2874 se

139 2894 340 2959 redditurum
368 2894 490 2978 aiebat,
518 2917 614 2978 quarn
641 2896 668 2959 si
692 2897 861 2979 pecuniam
886 2897 1074 2979 accepisset,
1098 2919 1151 2963 ac·

141 2985 227 3069 cepit
255 3006 274 3048 a
302 2984 428 3049 servulo
451 2989 484 3048 et
506 2983 644 3048 reddIdit
666 2983 837 3068 magidem.
883 2985 1065 3070 quaesitum
1091 2990 1152 3070 est,

140 3095 181 3138 an
204 3073 340 3157 pecunia
368 3072 409 3137 ab
437 3094 475 3137 eo
497 3073 600 3157 repeti
623 3073 736 3156 possit
780 3073 960 3157 respondit,
990 3073 1018 3137 si
1041 3075 1069 3138 is
1095 3077 1153 3159 qui

139 3162 269 3246 pignori
294 3161 469 3244 accepisset
491 3160 651 3246 magidem
676 3161 814 3226 alienam
834 3162 992 3245 sci<sse>t
1010 3163 1096 3247 apud
1116 3186 1152 3228 se

139 3250 268 3335 pignori
299 3251 430 3334 deponi,
462 3250 542 3314 furti
575 3272 647 3315 eum
678 3272 712 3315 se
745 3249 907 3335 obligasse
939 3251 1090 3335 ideoque,
1123 3253 1152 3316 si

139 3341 311 3423 pecuniam
340 3360 359 3402 a
388 3340 516 3404 servulo
533 3339 721 3423 accepisset
742 3338 919 3403 redimendi
942 3339 1022 3403 furti
1045 3362 1153 3422 causa,

140 3448 236 3510 posse
259 3429 376 3511 repeti,
401 3427 456 3492 sed
481 3429 508 3491 si
530 3427 686 3491 nescisset
708 3427 845 3491 alienam
866 3428 951 3513 apud
970 3450 1003 3492 se
1024 3427 1153 3514 deponi,

131 3537 200 3578 non
226 3538 298 3580 esse
320 3517 440 3601 furem,
464 3517 553 3602 Item,
576 3515 613 3596 siv
627 3516 761 3600 pecunia
785 3517 853 3581 eius
876 3517 1020 3601 nomine,
1044 3539 1063 3580 a
1088 3540 1152 3603 quo
