2422 3840
443 190 468 240 2.
491 183 610 238 AULUS
630 182 770 239 orlaws
1045 182 1111 248 355

102 347 174 411 dem
203 369 221 411 a
249 350 404 412 testatore
428 346 605 432 legatarius
630 346 821 430 ostenderit,
850 346 1109 412 aestimationem

101 436 203 500 nihilo
228 436 333 499 minus
357 436 514 520 legatario
538 434 774 518 praestandam.

424 609 571 668 Familiae
593 609 785 668 erciscundae.

191 718 220 783 5.
250 717 289 782 D.
314 719 365 798 10,
384 719 415 799 2,
435 719 489 798 16,
509 718 537 783 6.
583 717 742 802 Ulpianus
771 718 853 783 libro
876 739 962 783 nono
986 719 1111 785 decimo

102 806 140 872 ad
170 807 309 872 edictum
334 806 383 891 (P.
404 804 493 892 633).
531 856 587 872 ...
612 808 640 872 si
663 828 774 872 servus
797 807 1010 872 hereditarius
1038 829 1110 891 pro·

100 897 206 981 priam
228 917 297 960 rem
320 895 474 960 heredum
498 896 591 961 unius
611 895 815 980 subripuerit,
839 894 953 960 Ofilius
973 895 1020 961 ait
1039 918 1109 961 esse

101 985 244 1050 familiae
272 984 476 1049 erciscundae
505 983 667 1049 actionem
695 989 728 1049 et
751 985 910 1050 communi
936 985 1110 1050 dividundo

101 1074 241 1158 furtique
272 1074 432 1139 actionem
462 1094 597 1140 cessare.
651 1095 750 1158 quare
783 1077 932 1158 agentem
965 1073 1110 1138 familiae

101 1162 307 1227 erciscundae
340 1161 458 1226 iudicio
490 1166 750 1247 consecuturum,
778 1164 815 1225 ut
848 1166 904 1227 aut
935 1162 965 1226 ei
997 1184 1109 1227 servus

102 1251 301 1316 adiudicetur
328 1256 385 1315 aut
413 1251 482 1317 litis
506 1250 688 1316 aestimatio
711 1251 746 1314 in
770 1251 923 1335 simplum
947 1251 1108 1316 offeratur.

471 1425 518 1484 De
539 1427 603 1484 turc
620 1426 737 1484 dotium.

190 1535 218 1599 6.
242 1535 281 1600 D.
300 1536 353 1615 24,
372 1534 402 1615 3,
424 1536 475 1616 18,
496 1536 522 1600 1.
557 1532 755 1618 Pomponius
773 1535 856 1600 libro
876 1537 966 1601 sexto
986 1534 1109 1600 decimo

102 1623 141 1688 ad
162 1622 317 1688 Sabinum
336 1622 384 1708 (Ρ.
400 1620 491 1710 628).
526 1622 642 1687 Ofilius
666 1672 695 1689 ..
719 1622 836 1709 aiebat,
859 1624 887 1687 si
910 1623 983 1689 dolo
1002 1625 1110 1688 mariti

101 1735 152 1777 res
182 1712 298 1780 dotalis
327 1712 493 1776 interisset
519 1716 552 1777 et
580 1711 722 1796 alioquin
751 1712 903 1777 solvendo
925 1734 992 1776 non
1015 1719 1109 1791 esset,

101 1802 248 1883 quamvis
272 1800 353 1864 nihil
377 1799 451 1864 dolo
475 1799 614 1882 fecisset,
637 1822 700 1884 quo
720 1800 826 1865 minus
846 1800 997 1867 solvendo
1017 1805 1110 1885 esset,

100 1890 231 1972 perinde
258 1893 368 1953 tamen
396 1911 469 1953 eum
497 1887 711 1953 damnandum
740 1890 806 1954 eius
834 1889 881 1953 rei
908 1889 1024 1954 dotalis
1052 1911 1109 1954 no-

101 1977 186 2041 mine
209 1976 243 2040 in
268 1999 331 2061 qua
350 1976 461 2042 dolum
479 1977 618 2061 fecisset,
643 1982 738 2061 atque
758 1977 787 2043 si
805 1977 879 2044 dolo
899 1978 1109 2042 cinefactum

101 2069 195 2148 esset,
214 2086 277 2148 quo
297 2065 403 2131 minus
421 2066 528 2130 facere
546 2066 660 2150 possit.
694 2067 850 2147 [ceterum
870 2067 898 2131 si
912 2066 996 2131 circa
1010 2067 1109 2131 inter·

100 2155 183 2217 itum
215 2154 263 2218 rei
295 2154 413 2219 dotalis
442 2154 534 2219 dolus
563 2156 666 2219 malus
696 2159 729 2220 et
755 2154 852 2238 culpa
878 2154 987 2219 mariti
1015 2155 1110 2240 absit,

100 2243 244 2306 actiones
273 2244 373 2327 solas,
402 2264 482 2326 quas
511 2265 548 2308 eo
572 2243 702 2308 nomine
726 2245 818 2327 quasi
842 2244 977 2308 maritus
1000 2243 1110 2325 habet,

99 2331 311 2414 praestandas
340 2332 482 2416 mulieri,
510 2332 611 2396 veluti
638 2332 719 2396 furti
741 2332 793 2397 uel
818 2331 926 2396 damni
949 2332 1107 2412 iniuriae]

186 2444 308 2503 Inclusa
330 2445 418 2503 acrba
443 2442 524 2516 Occu
545 2461 603 2502 noa
625 2445 717 2503 oldut
740 2442 778 2503 A.
796 2443 915 2502 Pcruc'ce
936 2448 1036 2505 moad.

522 2613 569 2672 Dc
591 2613 687 2672 tutela.

189 2724 217 2788 7.
248 2720 287 2788 D.
306 2723 359 2807 41,
377 2723 408 2806 2,
428 2723 461 2806 1,
480 2724 510 2787 3.
555 2721 673 2786 Paulus
702 2721 787 2787 libro
817 2723 1107 2807 quinquagensimo

100 2816 215 2893 quarto
240 2810 280 2874 ad
299 2810 438 2875 edictum
458 2807 507 2896 (P.
526 2806 615 2897 657).
652 2809 766 2875 Ofilius
790 2859 820 2876 ..
844 2815 877 2876 et
894 2808 1006 2876 Nerva
1023 2812 1107 2876 filius

100 2898 198 2963 etiam
223 2899 291 2964 sine
314 2899 432 2964 tutoris
456 2899 650 2964 auctoritate
668 2899 834 2981 possidere
852 2899 992 2983 incipere
1011 2921 1107 2983 posse

97 2988 257 3072 pupillum
281 2988 382 3052 aiunt:
413 3008 484 3051 eam
508 2988 593 3051 enim
616 3009 685 3051 rem
707 2986 800 3073 facti,
827 3009 892 3053 non
920 2988 1000 3052 iuris
1028 3009 1107 3052 esse.
1165 3044 1167 3049 .

333 3162 380 3220 Dc
403 3162 579 3234 adquirendo
601 3179 700 3219 rerum
723 3163 868 3220 dominio?

186 3271 214 3335 8.
239 3269 276 3334 D.
293 3271 345 3355 50,
363 3272 413 3354 16,
430 3271 506 3352 180,
522 3269 550 3335 1.
587 3268 785 3354 Pomponius
808 3269 891 3335 libro
915 3271 1105 3354 trigensimo

99 3357 138 3422 ad
168 3355 323 3424 Sabinum
352 3358 401 3445 (P.
423 3356 511 3446 753).
562 3358 677 3424 Ofilius
706 3359 753 3424 ait
779 3358 946 3443 tugurium
975 3382 995 3424 a
1019 3363 1105 3425 tecto

98 3450 263 3531 tamquam
291 3450 487 3534 tegularium
516 3470 586 3514 esse
615 3446 749 3530 dictum,
776 3451 814 3512 ut
836 3451 928 3533 toga,
958 3449 1043 3533 quod
1067 3470 1106 3513 ea

95 3538 254 3619 tegamur.

859 3635 920 3690 *aa*
