<?xml version="1.0" encoding="UTF-8"?>
<!DOCTYPE html PUBLIC "-//W3C//DTD XHTML 1.0 Transitional//EN"
    "http://www.w3.org/TR/xhtml1/DTD/xhtml1-transitional.dtd">
<html xmlns="http://www.w3.org/1999/xhtml" xml:lang="en" lang="en">
 <head>
  <title>
</title>
<meta http-equiv="Content-Type" content="text/html;charset=utf-8" />
  <meta name='ocr-system' content='tesseract 3.04.00' />
  <meta name='ocr-capabilities' content='ocr_page ocr_carea ocr_par ocr_line ocrx_word'/>
</head>
<body>
  <div class='ocr_page' id='page_1' title='image "./iurisprudentiae00bremgoog_0184.png"; bbox 0 0 2422 3840; ppageno 0'>
   <div class='ocr_carea' id='block_1_1' title="bbox 312 178 1089 247">
    <p class='ocr_par' dir='ltr' id='par_1_1' title="bbox 312 178 1089 247">
     <span class='ocr_line' id='line_1_1' title="bbox 312 178 1089 247; baseline 0.017 -12"><span class='ocrx_word' id='word_1_1' title='bbox 312 184 338 236; x_wconf 87' lang='grc'><strong>8.</strong></span> <span class='ocrx_word' id='word_1_2' title='bbox 363 178 517 236; x_wconf 76' lang='lat' dir='ltr'>SERVIUS</span> <span class='ocrx_word' id='word_1_3' title='bbox 536 179 720 238; x_wconf 81' lang='lat' dir='ltr'>SULPICIUS</span> <span class='ocrx_word' id='word_1_4' title='bbox 738 181 856 238; x_wconf 78' lang='lat' dir='ltr'>RUFUS</span> <span class='ocrx_word' id='word_1_5' title='bbox 1028 183 1089 247; x_wconf 79' lang='grc'><strong>111</strong></span> 
     </span>
    </p>
   </div>
   <div class='ocr_carea' id='block_1_2' title="bbox 77 342 1090 1138">
    <p class='ocr_par' dir='ltr' id='par_1_2' title="bbox 77 342 1090 519">
     <span class='ocr_line' id='line_1_2' title="bbox 77 342 1090 431; baseline 0.004 -23"><span class='ocrx_word' id='word_1_6' title='bbox 77 346 174 431; x_wconf 83' lang='lat' dir='ltr'><strong>ginta</strong></span> <span class='ocrx_word' id='word_1_7' title='bbox 215 345 332 409; x_wconf 87' lang='lat' dir='ltr'><strong>debere</strong></span> <span class='ocrx_word' id='word_1_8' title='bbox 375 342 511 408; x_wconf 81' lang='lat' dir='ltr'><strong>Alfenus</strong></span> <span class='ocrx_word' id='word_1_9' title='bbox 547 342 654 408; x_wconf 81' lang='lat' dir='ltr'><strong>Varus</strong></span> <span class='ocrx_word' id='word_1_10' title='bbox 697 342 844 410; x_wconf 82' lang='lat' dir='ltr'><strong>Servium</strong></span> <span class='ocrx_word' id='word_1_11' title='bbox 886 346 1090 429; x_wconf 91' lang='lat' dir='ltr'><strong>respondisse</strong></span> 
     </span>
     <span class='ocr_line' id='line_1_3' title="bbox 78 431 1090 519; baseline 0.001 -19"><span class='ocrx_word' id='word_1_12' title='bbox 78 433 204 515; x_wconf 75' lang='lat' dir='ltr'><strong>scribit,</strong></span> <span class='ocrx_word' id='word_1_13' title='bbox 224 433 301 519; x_wconf 90' lang='lat' dir='ltr'><strong>quia</strong></span> <span class='ocrx_word' id='word_1_14' title='bbox 318 431 488 516; x_wconf 86' lang='lat' dir='ltr'><strong>proposita</strong></span> <span class='ocrx_word' id='word_1_15' title='bbox 506 453 633 496; x_wconf 89' lang='lat' dir='ltr'><strong>summa</strong></span> <span class='ocrx_word' id='word_1_16' title='bbox 647 433 884 518; x_wconf 74' lang='lat' dir='ltr'><strong>quinquaginta</strong></span> <span class='ocrx_word' id='word_1_17' title='bbox 898 436 1023 500; x_wconf 88' lang='lat' dir='ltr'><strong>adiecta</strong></span> <span class='ocrx_word' id='word_1_18' title='bbox 1039 436 1090 501; x_wconf 89' lang='lat' dir='ltr'><strong>sit.</strong></span> 
     </span>
    </p>

    <p class='ocr_par' dir='ltr' id='par_1_3' title="bbox 77 519 1090 1138">
     <span class='ocr_line' id='line_1_4' title="bbox 171 519 1090 610; baseline 0.001 -23"><span class='ocrx_word' id='word_1_19' title='bbox 171 523 222 587; x_wconf 89' lang='lat'><strong>11.</strong></span> <span class='ocrx_word' id='word_1_20' title='bbox 250 519 290 587; x_wconf 87' lang='lat' dir='ltr'><strong>D.</strong></span> <span class='ocrx_word' id='word_1_21' title='bbox 311 519 390 586; x_wconf 86' lang='lat' dir='ltr'><strong>ibid.</strong></span> <span class='ocrx_word' id='word_1_22' title='bbox 413 523 433 602; x_wconf 64' lang='grc' dir='ltr'>ξ</span> <span class='ocrx_word' id='word_1_23' title='bbox 455 522 482 585; x_wconf 92' lang='grc'><strong>1.</strong></span> <span class='ocrx_word' id='word_1_24' title='bbox 527 519 635 586; x_wconf 85' lang='lat' dir='ltr'><strong>Labeo</strong></span> <span class='ocrx_word' id='word_1_25' title='bbox 659 522 736 587; x_wconf 90' lang='lat' dir='ltr'><strong>ibid.</strong></span> <span class='ocrx_word' id='word_1_26' title='bbox 760 519 808 608; x_wconf 87' lang='lat' dir='ltr'><strong>(P.</strong></span> <span class='ocrx_word' id='word_1_27' title='bbox 829 520 917 610; x_wconf 82' lang='grc'><strong>118).</strong></span> <span class='ocrx_word' id='word_1_28' title='bbox 943 560 981 569; x_wconf 97' lang='grc'><strong>-</strong></span> <span class='ocrx_word' id='word_1_29' title='bbox 1006 523 1090 588; x_wconf 91' lang='lat' dir='ltr'><strong>Item</strong></span> 
     </span>
     <span class='ocr_line' id='line_1_5' title="bbox 80 609 1089 696; baseline 0.002 -20"><span class='ocrx_word' id='word_1_30' title='bbox 80 611 110 676; x_wconf 91' lang='lat' dir='ltr'><strong>ei</strong></span> <span class='ocrx_word' id='word_1_31' title='bbox 147 632 231 695; x_wconf 92' lang='lat' dir='ltr'><strong>qnae</strong></span> <span class='ocrx_word' id='word_1_32' title='bbox 267 610 376 674; x_wconf 89' lang='lat' dir='ltr'><strong>dotem</strong></span> <span class='ocrx_word' id='word_1_33' title='bbox 410 610 532 674; x_wconf 88' lang='lat' dir='ltr'><strong>nullam</strong></span> <span class='ocrx_word' id='word_1_34' title='bbox 563 609 718 694; x_wconf 86' lang='lat' dir='ltr'><strong>habebat,</strong></span> <span class='ocrx_word' id='word_1_35' title='bbox 756 610 805 675; x_wconf 86' lang='lat' dir='ltr'><strong>vir</strong></span> <span class='ocrx_word' id='word_1_36' title='bbox 836 611 882 676; x_wconf 90' lang='lat' dir='ltr'><strong>sic</strong></span> <span class='ocrx_word' id='word_1_37' title='bbox 913 613 1089 696; x_wconf 82' lang='lat' dir='ltr'><strong>legaverat:</strong></span> 
     </span>
     <span class='ocr_line' id='line_1_6' title="bbox 78 697 1090 784; baseline 0.001 -20"><span class='ocrx_word' id='word_1_38' title='bbox 78 699 220 784; x_wconf 72' lang='lat' dir='ltr'><strong>‘quanta</strong></span> <span class='ocrx_word' id='word_1_39' title='bbox 251 699 387 784; x_wconf 86' lang='lat' dir='ltr'><strong>pecunia</strong></span> <span class='ocrx_word' id='word_1_40' title='bbox 418 697 502 763; x_wconf 92' lang='lat' dir='ltr'><strong>dotis</strong></span> <span class='ocrx_word' id='word_1_41' title='bbox 533 698 680 764; x_wconf 90' lang='lat' dir='ltr'><strong>nomine&#39;</strong></span> <span class='ocrx_word' id='word_1_42' title='bbox 708 703 741 764; x_wconf 85' lang='lat' dir='ltr'><strong>et</strong></span> <span class='ocrx_word' id='word_1_43' title='bbox 772 699 908 784; x_wconf 85' lang='lat' dir='ltr'><strong>reliqua,</strong></span> <span class='ocrx_word' id='word_1_44' title='bbox 941 700 1019 784; x_wconf 69' lang='lat' dir='ltr'><strong>‘pro</strong></span> <span class='ocrx_word' id='word_1_45' title='bbox 1051 721 1090 766; x_wconf 90' lang='lat' dir='ltr'><strong>ea</strong></span> 
     </span>
     <span class='ocr_line' id='line_1_7' title="bbox 77 785 1089 873; baseline 0.002 -21"><span class='ocrx_word' id='word_1_46' title='bbox 77 789 317 872; x_wconf 86' lang='lat' dir='ltr'><strong>qninquaginta</strong></span> <span class='ocrx_word' id='word_1_47' title='bbox 342 787 436 851; x_wconf 92' lang='lat' dir='ltr'><strong>heres</strong></span> <span class='ocrx_word' id='word_1_48' title='bbox 464 785 564 851; x_wconf 88' lang='lat' dir='ltr'><strong>dato&#39;.</strong></span> <span class='ocrx_word' id='word_1_49' title='bbox 611 788 720 852; x_wconf 88' lang='lat' dir='ltr'><strong>deberi</strong></span> <span class='ocrx_word' id='word_1_50' title='bbox 748 788 777 852; x_wconf 93' lang='lat' dir='ltr'><strong>ei</strong></span> <span class='ocrx_word' id='word_1_51' title='bbox 804 790 947 873; x_wconf 87' lang='lat' dir='ltr'><strong>legatum</strong></span> <span class='ocrx_word' id='word_1_52' title='bbox 973 787 1089 854; x_wconf 88' lang='lat' dir='ltr'><strong>Ofilius</strong></span> 
     </span>
     <span class='ocr_line' id='line_1_8' title="bbox 80 872 1089 960; baseline 0 -18"><span class='ocrx_word' id='word_1_53' title='bbox 80 875 268 956; x_wconf 79' lang='lat' dir='ltr'><strong>Cascellius,</strong></span> <span class='ocrx_word' id='word_1_54' title='bbox 287 877 365 940; x_wconf 91' lang='lat' dir='ltr'><strong>item</strong></span> <span class='ocrx_word' id='word_1_55' title='bbox 383 879 418 939; x_wconf 91' lang='lat' dir='ltr'><strong>et</strong></span> <span class='ocrx_word' id='word_1_56' title='bbox 432 872 536 940; x_wconf 83' lang='lat' dir='ltr'><strong>Servii</strong></span> <span class='ocrx_word' id='word_1_57' title='bbox 554 876 716 941; x_wconf 84' lang='lat' dir='ltr'><strong>auditores</strong></span> <span class='ocrx_word' id='word_1_58' title='bbox 731 877 939 942; x_wconf 85' lang='lat' dir='ltr'><strong>rettulerunt:</strong></span> <span class='ocrx_word' id='word_1_59' title='bbox 957 878 1089 960; x_wconf 87' lang='lat' dir='ltr'><strong>perinde</strong></span> 
     </span>
     <span class='ocr_line' id='line_1_9' title="bbox 77 963 1088 1050; baseline 0 -19"><span class='ocrx_word' id='word_1_60' title='bbox 77 965 264 1030; x_wconf 89' lang='lat' dir='ltr'><strong>habendum</strong></span> <span class='ocrx_word' id='word_1_61' title='bbox 291 985 362 1029; x_wconf 89' lang='lat' dir='ltr'><strong>esse</strong></span> <span class='ocrx_word' id='word_1_62' title='bbox 389 985 426 1028; x_wconf 89' lang='lat' dir='ltr'><strong>ac</strong></span> <span class='ocrx_word' id='word_1_63' title='bbox 454 964 482 1028; x_wconf 89' lang='lat' dir='ltr'><strong>si</strong></span> <span class='ocrx_word' id='word_1_64' title='bbox 509 985 620 1029; x_wconf 85' lang='lat' dir='ltr'><strong>servus</strong></span> <span class='ocrx_word' id='word_1_65' title='bbox 649 963 745 1028; x_wconf 90' lang='lat' dir='ltr'><strong>alicui</strong></span> <span class='ocrx_word' id='word_1_66' title='bbox 772 970 917 1031; x_wconf 85' lang='lat' dir='ltr'><strong>mortuus</strong></span> <span class='ocrx_word' id='word_1_67' title='bbox 946 970 1002 1031; x_wconf 88' lang='lat' dir='ltr'><strong>aut</strong></span> <span class='ocrx_word' id='word_1_68' title='bbox 1029 988 1088 1050; x_wconf 91' lang='lat' dir='ltr'><strong>pro</strong></span> 
     </span>
     <span class='ocr_line' id='line_1_10' title="bbox 78 1054 542 1138; baseline -0.002 -19"><span class='ocrx_word' id='word_1_69' title='bbox 78 1075 116 1120; x_wconf 92' lang='lat' dir='ltr'><strong>co</strong></span> <span class='ocrx_word' id='word_1_70' title='bbox 141 1057 271 1119; x_wconf 89' lang='lat' dir='ltr'><strong>centum</strong></span> <span class='ocrx_word' id='word_1_71' title='bbox 294 1054 402 1138; x_wconf 86' lang='lat' dir='ltr'><strong>legata</strong></span> <span class='ocrx_word' id='word_1_72' title='bbox 425 1056 542 1118; x_wconf 86' lang='lat' dir='ltr'><strong>esseut</strong></span> 
     </span>
    </p>
   </div>
   <div class='ocr_carea' id='block_1_3' title="bbox 466 1206 702 1280">
    <p class='ocr_par' dir='ltr' id='par_1_4' title="bbox 466 1206 702 1280">
     <span class='ocr_line' id='line_1_11' title="bbox 466 1206 702 1280; baseline 0.013 -19"><span class='ocrx_word' id='word_1_73' title='bbox 466 1206 510 1263; x_wconf 87' lang='lat' dir='ltr'><strong>Dc</strong></span> <span class='ocrx_word' id='word_1_74' title='bbox 527 1209 588 1265; x_wconf 79' lang='lat' dir='ltr'><strong>dote</strong></span> <span class='ocrx_word' id='word_1_75' title='bbox 606 1210 702 1280; x_wconf 74' lang='lat' dir='ltr'><strong>tapeta.</strong></span> 
     </span>
    </p>
   </div>
   <div class='ocr_carea' id='block_1_4' title="bbox 78 1317 1089 1847">
    <p class='ocr_par' dir='ltr' id='par_1_5' title="bbox 78 1317 1089 1847">
     <span class='ocr_line' id='line_1_12' title="bbox 171 1317 1089 1404; baseline 0 -19"><span class='ocrx_word' id='word_1_76' title='bbox 171 1320 222 1385; x_wconf 86' lang='grc'><strong>12.</strong></span> <span class='ocrx_word' id='word_1_77' title='bbox 253 1317 294 1385; x_wconf 96' lang='lat' dir='ltr'><strong>D.</strong></span> <span class='ocrx_word' id='word_1_78' title='bbox 312 1318 365 1402; x_wconf 80' lang='grc'><strong>35,</strong></span> <span class='ocrx_word' id='word_1_79' title='bbox 385 1318 414 1401; x_wconf 95' lang='grc'><strong>1,</strong></span> <span class='ocrx_word' id='word_1_80' title='bbox 431 1317 485 1383; x_wconf 83' lang='grc'><strong>28.</strong></span> <span class='ocrx_word' id='word_1_81' title='bbox 514 1317 635 1383; x_wconf 89' lang='lat' dir='ltr'><strong>Paulus</strong></span> <span class='ocrx_word' id='word_1_82' title='bbox 663 1319 747 1384; x_wconf 90' lang='lat' dir='ltr'><strong>libro</strong></span> <span class='ocrx_word' id='word_1_83' title='bbox 772 1319 910 1385; x_wconf 87' lang='lat' dir='ltr'><strong>secundo</strong></span> <span class='ocrx_word' id='word_1_84' title='bbox 934 1322 1089 1404; x_wconf 87' lang='lat' dir='ltr'><strong>epitoma·</strong></span> 
     </span>
     <span class='ocr_line' id='line_1_13' title="bbox 78 1403 1087 1494; baseline 0.003 -22"><span class='ocrx_word' id='word_1_85' title='bbox 78 1431 151 1473; x_wconf 91' lang='lat' dir='ltr'><strong>rum</strong></span> <span class='ocrx_word' id='word_1_86' title='bbox 174 1407 285 1472; x_wconf 87' lang='lat' dir='ltr'><strong>Alfeni</strong></span> <span class='ocrx_word' id='word_1_87' title='bbox 308 1406 519 1491; x_wconf 86' lang='lat' dir='ltr'><strong>Digestorum</strong></span> <span class='ocrx_word' id='word_1_88' title='bbox 543 1404 593 1493; x_wconf 91' lang='lat' dir='ltr'><strong>(P.</strong></span> <span class='ocrx_word' id='word_1_89' title='bbox 612 1403 680 1491; x_wconf 84' lang='lat'><strong>36).</strong></span> <span class='ocrx_word' id='word_1_90' title='bbox 720 1406 822 1473; x_wconf 85' lang='lat' dir='ltr'><strong>Filiae</strong></span> <span class='ocrx_word' id='word_1_91' title='bbox 846 1431 923 1473; x_wconf 90' lang='lat' dir='ltr'><strong>suae</strong></span> <span class='ocrx_word' id='word_1_92' title='bbox 945 1411 993 1473; x_wconf 85' lang='lat' dir='ltr'><strong>ita</strong></span> <span class='ocrx_word' id='word_1_93' title='bbox 1016 1410 1087 1494; x_wconf 92' lang='lat' dir='ltr'><strong>quis</strong></span> 
     </span>
     <span class='ocr_line' id='line_1_14' title="bbox 79 1494 1088 1584; baseline 0.002 -23"><span class='ocrx_word' id='word_1_94' title='bbox 79 1497 216 1581; x_wconf 81' lang='lat' dir='ltr'><strong>legarit:</strong></span> <span class='ocrx_word' id='word_1_95' title='bbox 248 1496 293 1561; x_wconf 77' lang='lat' dir='ltr'><strong>‘si</strong></span> <span class='ocrx_word' id='word_1_96' title='bbox 311 1494 404 1561; x_wconf 86' lang='lat' dir='ltr'><strong>Attia</strong></span> <span class='ocrx_word' id='word_1_97' title='bbox 426 1495 494 1559; x_wconf 89' lang='lat' dir='ltr'><strong>filia</strong></span> <span class='ocrx_word' id='word_1_98' title='bbox 517 1517 588 1558; x_wconf 85' lang='lat' dir='ltr'><strong>mea</strong></span> <span class='ocrx_word' id='word_1_99' title='bbox 611 1496 772 1561; x_wconf 87' lang='lat' dir='ltr'><strong>arbitratu</strong></span> <span class='ocrx_word' id='word_1_100' title='bbox 795 1497 885 1562; x_wconf 90' lang='lat' dir='ltr'><strong>Lucii</strong></span> <span class='ocrx_word' id='word_1_101' title='bbox 907 1498 986 1563; x_wconf 85' lang='lat' dir='ltr'><strong>Titii</strong></span> <span class='ocrx_word' id='word_1_102' title='bbox 1008 1520 1088 1584; x_wconf 90' lang='lat' dir='ltr'><strong>nup·</strong></span> 
     </span>
     <span class='ocr_line' id='line_1_15' title="bbox 78 1583 1088 1669; baseline 0.002 -20"><span class='ocrx_word' id='word_1_103' title='bbox 78 1586 167 1669; x_wconf 85' lang='lat' dir='ltr'><strong>serit,</strong></span> <span class='ocrx_word' id='word_1_104' title='bbox 190 1585 220 1650; x_wconf 87' lang='lat' dir='ltr'><strong>ei</strong></span> <span class='ocrx_word' id='word_1_105' title='bbox 242 1589 294 1649; x_wconf 83' lang='lat' dir='ltr'><strong>tot</strong></span> <span class='ocrx_word' id='word_1_106' title='bbox 316 1584 409 1648; x_wconf 89' lang='lat' dir='ltr'><strong>heres</strong></span> <span class='ocrx_word' id='word_1_107' title='bbox 433 1605 523 1648; x_wconf 88' lang='lat' dir='ltr'><strong>meus</strong></span> <span class='ocrx_word' id='word_1_108' title='bbox 547 1583 645 1648; x_wconf 90' lang='lat' dir='ltr'><strong>dato&#39;.</strong></span> <span class='ocrx_word' id='word_1_109' title='bbox 690 1584 776 1650; x_wconf 86' lang='lat' dir='ltr'><strong>Titio</strong></span> <span class='ocrx_word' id='word_1_110' title='bbox 800 1590 874 1651; x_wconf 88' lang='lat' dir='ltr'><strong>ante</strong></span> <span class='ocrx_word' id='word_1_111' title='bbox 897 1590 1088 1652; x_wconf 84' lang='lat' dir='ltr'><strong>testatorem</strong></span> 
     </span>
     <span class='ocr_line' id='line_1_16' title="bbox 78 1673 1088 1759; baseline 0.003 -22"><span class='ocrx_word' id='word_1_112' title='bbox 78 1679 207 1739; x_wconf 90' lang='lat' dir='ltr'><strong>mortuo</strong></span> <span class='ocrx_word' id='word_1_113' title='bbox 235 1673 328 1738; x_wconf 86' lang='lat' dir='ltr'><strong>Attia</strong></span> <span class='ocrx_word' id='word_1_114' title='bbox 354 1675 523 1756; x_wconf 85' lang='lat' dir='ltr'><strong>nupserat:</strong></span> <span class='ocrx_word' id='word_1_115' title='bbox 557 1673 785 1758; x_wconf 87' lang='lat' dir='ltr'><strong>quaerebatur,</strong></span> <span class='ocrx_word' id='word_1_116' title='bbox 817 1697 859 1739; x_wconf 89' lang='lat' dir='ltr'><strong>au</strong></span> <span class='ocrx_word' id='word_1_117' title='bbox 886 1675 1029 1759; x_wconf 89' lang='lat' dir='ltr'><strong>legatum</strong></span> <span class='ocrx_word' id='word_1_118' title='bbox 1057 1677 1088 1740; x_wconf 91' lang='lat' dir='ltr'><strong>ei</strong></span> 
     </span>
     <span class='ocr_line' id='line_1_17' title="bbox 78 1759 611 1847; baseline -0.004 -21"><span class='ocrx_word' id='word_1_119' title='bbox 78 1763 258 1827; x_wconf 87' lang='lat' dir='ltr'><strong>deberetur.</strong></span> <span class='ocrx_word' id='word_1_120' title='bbox 303 1759 472 1847; x_wconf 86' lang='lat' dir='ltr'><strong>respondit</strong></span> <span class='ocrx_word' id='word_1_121' title='bbox 493 1760 611 1826; x_wconf 90' lang='lat' dir='ltr'><strong>deberi.</strong></span> 
     </span>
    </p>
   </div>
   <div class='ocr_carea' id='block_1_5' title="bbox 445 1917 724 1987">
    <p class='ocr_par' dir='ltr' id='par_1_6' title="bbox 445 1917 724 1987">
     <span class='ocr_line' id='line_1_18' title="bbox 445 1917 724 1987; baseline 0 -15"><span class='ocrx_word' id='word_1_122' title='bbox 445 1917 489 1972; x_wconf 86' lang='lat' dir='ltr'><strong>De</strong></span> <span class='ocrx_word' id='word_1_123' title='bbox 502 1918 611 1987; x_wconf 83' lang='lat' dir='ltr'><strong>peculio</strong></span> <span class='ocrx_word' id='word_1_124' title='bbox 629 1919 724 1986; x_wconf 73' lang='lat' dir='ltr'><strong>loquio.</strong></span> 
     </span>
    </p>
   </div>
   <div class='ocr_carea' id='block_1_6' title="bbox 77 2024 1087 3350">
    <p class='ocr_par' dir='ltr' id='par_1_7' title="bbox 77 2024 1087 2912">
     <span class='ocr_line' id='line_1_19' title="bbox 169 2024 1087 2112; baseline 0.001 -20"><span class='ocrx_word' id='word_1_125' title='bbox 169 2027 219 2093; x_wconf 89' lang='grc'><strong>13.</strong></span> <span class='ocrx_word' id='word_1_126' title='bbox 243 2025 281 2091; x_wconf 92' lang='lat' dir='ltr'><strong>D.</strong></span> <span class='ocrx_word' id='word_1_127' title='bbox 295 2027 348 2107; x_wconf 82' lang='lat'><strong>33,</strong></span> <span class='ocrx_word' id='word_1_128' title='bbox 363 2026 393 2111; x_wconf 91' lang='lat'><strong>8,</strong></span> <span class='ocrx_word' id='word_1_129' title='bbox 408 2027 458 2091; x_wconf 88' lang='lat'><strong>14.</strong></span> <span class='ocrx_word' id='word_1_130' title='bbox 488 2026 625 2090; x_wconf 83' lang='lat' dir='ltr'><strong>Alfenus</strong></span> <span class='ocrx_word' id='word_1_131' title='bbox 639 2024 746 2090; x_wconf 89' lang='lat' dir='ltr'><strong>Varus</strong></span> <span class='ocrx_word' id='word_1_132' title='bbox 764 2025 847 2091; x_wconf 92' lang='lat' dir='ltr'><strong>libro</strong></span> <span class='ocrx_word' id='word_1_133' title='bbox 863 2027 975 2111; x_wconf 91' lang='lat' dir='ltr'><strong>quinto</strong></span> <span class='ocrx_word' id='word_1_134' title='bbox 990 2028 1087 2112; x_wconf 90' lang='lat' dir='ltr'><strong>Dige-</strong></span> 
     </span>
     <span class='ocr_line' id='line_1_20' title="bbox 78 2111 1087 2202; baseline -0.001 -19"><span class='ocrx_word' id='word_1_135' title='bbox 78 2121 203 2183; x_wconf 89' lang='lat' dir='ltr'><strong>storum</strong></span> <span class='ocrx_word' id='word_1_136' title='bbox 220 2113 270 2202; x_wconf 90' lang='lat' dir='ltr'><strong>(P.</strong></span> <span class='ocrx_word' id='word_1_137' title='bbox 285 2111 352 2202; x_wconf 80' lang='lat'><strong>20).</strong></span> <span class='ocrx_word' id='word_1_138' title='bbox 394 2115 531 2191; x_wconf 82' lang='lat' dir='ltr'><strong>Quidam</strong></span> <span class='ocrx_word' id='word_1_139' title='bbox 554 2114 589 2179; x_wconf 91' lang='lat' dir='ltr'><strong>in</strong></span> <span class='ocrx_word' id='word_1_140' title='bbox 611 2118 806 2178; x_wconf 87' lang='lat' dir='ltr'><strong>testamento</strong></span> <span class='ocrx_word' id='word_1_141' title='bbox 830 2116 878 2179; x_wconf 85' lang='lat' dir='ltr'><strong>ita</strong></span> <span class='ocrx_word' id='word_1_142' title='bbox 901 2117 1087 2200; x_wconf 85' lang='lat' dir='ltr'><strong>scripserat:</strong></span> 
     </span>
     <span class='ocr_line' id='line_1_21' title="bbox 79 2203 1087 2289; baseline 0 -20"><span class='ocrx_word' id='word_1_143' title='bbox 79 2204 283 2288; x_wconf 76' lang='lat' dir='ltr'><strong>‘Pamphilus</strong></span> <span class='ocrx_word' id='word_1_144' title='bbox 312 2225 425 2269; x_wconf 82' lang='lat' dir='ltr'><strong>servus</strong></span> <span class='ocrx_word' id='word_1_145' title='bbox 452 2225 543 2267; x_wconf 90' lang='lat' dir='ltr'><strong>meus</strong></span> <span class='ocrx_word' id='word_1_146' title='bbox 565 2203 728 2289; x_wconf 86' lang='lat' dir='ltr'><strong>peculium</strong></span> <span class='ocrx_word' id='word_1_147' title='bbox 752 2225 845 2268; x_wconf 90' lang='lat' dir='ltr'><strong>suum</strong></span> <span class='ocrx_word' id='word_1_148' title='bbox 871 2226 943 2268; x_wconf 90' lang='lat' dir='ltr'><strong>cum</strong></span> <span class='ocrx_word' id='word_1_149' title='bbox 966 2204 1087 2269; x_wconf 89' lang='lat' dir='ltr'><strong>moriar</strong></span> 
     </span>
     <span class='ocr_line' id='line_1_22' title="bbox 77 2290 1087 2376; baseline -0.001 -17"><span class='ocrx_word' id='word_1_150' title='bbox 77 2295 139 2360; x_wconf 91' lang='lat' dir='ltr'><strong>sibi</strong></span> <span class='ocrx_word' id='word_1_151' title='bbox 158 2293 278 2358; x_wconf 90' lang='lat' dir='ltr'><strong>habeto</strong></span> <span class='ocrx_word' id='word_1_152' title='bbox 296 2292 443 2375; x_wconf 91' lang='lat' dir='ltr'><strong>liberque</strong></span> <span class='ocrx_word' id='word_1_153' title='bbox 462 2290 554 2357; x_wconf 87' lang='lat' dir='ltr'><strong>esto&#39;.</strong></span> <span class='ocrx_word' id='word_1_154' title='bbox 591 2292 827 2376; x_wconf 86' lang='lat' dir='ltr'><strong>consulebatur,</strong></span> <span class='ocrx_word' id='word_1_155' title='bbox 845 2297 973 2357; x_wconf 84' lang='lat' dir='ltr'><strong>rectene</strong></span> <span class='ocrx_word' id='word_1_156' title='bbox 991 2291 1087 2358; x_wconf 92' lang='lat' dir='ltr'><strong>Pam·</strong></span> 
     </span>
     <span class='ocr_line' id='line_1_23' title="bbox 77 2381 1087 2468; baseline 0 -21"><span class='ocrx_word' id='word_1_157' title='bbox 77 2383 169 2468; x_wconf 88' lang='lat' dir='ltr'><strong>philo</strong></span> <span class='ocrx_word' id='word_1_158' title='bbox 197 2381 359 2466; x_wconf 90' lang='lat' dir='ltr'><strong>peculium</strong></span> <span class='ocrx_word' id='word_1_159' title='bbox 387 2382 531 2464; x_wconf 86' lang='lat' dir='ltr'><strong>legatum</strong></span> <span class='ocrx_word' id='word_1_160' title='bbox 559 2381 731 2465; x_wconf 84' lang='lat' dir='ltr'><strong>videretur,</strong></span> <span class='ocrx_word' id='word_1_161' title='bbox 766 2382 851 2466; x_wconf 89' lang='lat' dir='ltr'><strong>quod</strong></span> <span class='ocrx_word' id='word_1_162' title='bbox 873 2382 964 2466; x_wconf 89' lang='lat' dir='ltr'><strong>prius</strong></span> <span class='ocrx_word' id='word_1_163' title='bbox 989 2405 1087 2466; x_wconf 91' lang='lat' dir='ltr'><strong>quam</strong></span> 
     </span>
     <span class='ocr_line' id='line_1_24' title="bbox 77 2469 1087 2556; baseline -0.001 -21"><span class='ocrx_word' id='word_1_164' title='bbox 77 2473 161 2537; x_wconf 91' lang='lat' dir='ltr'><strong>liber</strong></span> <span class='ocrx_word' id='word_1_165' title='bbox 180 2474 266 2535; x_wconf 88' lang='lat' dir='ltr'><strong>esset</strong></span> <span class='ocrx_word' id='word_1_166' title='bbox 283 2469 444 2555; x_wconf 89' lang='lat' dir='ltr'><strong>peculium</strong></span> <span class='ocrx_word' id='word_1_167' title='bbox 464 2469 526 2533; x_wconf 91' lang='lat' dir='ltr'><strong>sibi</strong></span> <span class='ocrx_word' id='word_1_168' title='bbox 540 2469 658 2534; x_wconf 89' lang='lat' dir='ltr'><strong>habere</strong></span> <span class='ocrx_word' id='word_1_169' title='bbox 677 2470 784 2534; x_wconf 87' lang='lat' dir='ltr'><strong>iussus</strong></span> <span class='ocrx_word' id='word_1_170' title='bbox 799 2476 892 2534; x_wconf 85' lang='lat' dir='ltr'><strong>esset.</strong></span> <span class='ocrx_word' id='word_1_171' title='bbox 919 2471 1087 2556; x_wconf 87' lang='lat' dir='ltr'><strong>respondit</strong></span> 
     </span>
     <span class='ocr_line' id='line_1_25' title="bbox 77 2557 1086 2644; baseline 0 -19"><span class='ocrx_word' id='word_1_172' title='bbox 77 2561 109 2625; x_wconf 94' lang='lat' dir='ltr'><strong>in</strong></span> <span class='ocrx_word' id='word_1_173' title='bbox 139 2557 419 2624; x_wconf 88' lang='lat' dir='ltr'><strong>coniunctionibus</strong></span> <span class='ocrx_word' id='word_1_174' title='bbox 448 2557 591 2622; x_wconf 90' lang='lat' dir='ltr'><strong>ordinem</strong></span> <span class='ocrx_word' id='word_1_175' title='bbox 619 2559 743 2622; x_wconf 90' lang='lat' dir='ltr'><strong>nullum</strong></span> <span class='ocrx_word' id='word_1_176' title='bbox 771 2580 841 2622; x_wconf 88' lang='lat' dir='ltr'><strong>esse</strong></span> <span class='ocrx_word' id='word_1_177' title='bbox 869 2580 970 2643; x_wconf 91' lang='lat' dir='ltr'><strong>neque</strong></span> <span class='ocrx_word' id='word_1_178' title='bbox 999 2561 1086 2644; x_wconf 85' lang='lat' dir='ltr'><strong>quio·</strong></span> 
     </span>
     <span class='ocr_line' id='line_1_26' title="bbox 78 2647 1087 2733; baseline 0.001 -20"><span class='ocrx_word' id='word_1_179' title='bbox 78 2671 176 2733; x_wconf 91' lang='lat' dir='ltr'><strong>quam</strong></span> <span class='ocrx_word' id='word_1_180' title='bbox 204 2647 375 2731; x_wconf 88' lang='lat' dir='ltr'><strong>interesse,</strong></span> <span class='ocrx_word' id='word_1_181' title='bbox 407 2649 516 2710; x_wconf 90' lang='lat' dir='ltr'><strong>utrum</strong></span> <span class='ocrx_word' id='word_1_182' title='bbox 543 2668 653 2712; x_wconf 89' lang='lat' dir='ltr'><strong>eorum</strong></span> <span class='ocrx_word' id='word_1_183' title='bbox 680 2647 820 2730; x_wconf 79' lang='lat' dir='ltr'><strong>primum</strong></span> <span class='ocrx_word' id='word_1_184' title='bbox 848 2647 1006 2713; x_wconf 85' lang='lat' dir='ltr'><strong>diceretur</strong></span> <span class='ocrx_word' id='word_1_185' title='bbox 1030 2653 1087 2715; x_wconf 90' lang='lat' dir='ltr'><strong>aut</strong></span> 
     </span>
     <span class='ocr_line' id='line_1_27' title="bbox 78 2735 1086 2820; baseline -0.001 -18"><span class='ocrx_word' id='word_1_186' title='bbox 78 2736 285 2802; x_wconf 85' lang='lat' dir='ltr'><strong>scriberetur:</strong></span> <span class='ocrx_word' id='word_1_187' title='bbox 304 2756 403 2819; x_wconf 86' lang='lat' dir='ltr'><strong>quare</strong></span> <span class='ocrx_word' id='word_1_188' title='bbox 422 2739 507 2800; x_wconf 88' lang='lat' dir='ltr'><strong>recte</strong></span> <span class='ocrx_word' id='word_1_189' title='bbox 526 2735 687 2820; x_wconf 89' lang='lat' dir='ltr'><strong>peculium</strong></span> <span class='ocrx_word' id='word_1_190' title='bbox 705 2736 848 2820; x_wconf 81' lang='lat' dir='ltr'><strong>legatum</strong></span> <span class='ocrx_word' id='word_1_191' title='bbox 867 2737 968 2801; x_wconf 86' lang='lat' dir='ltr'><strong>videri</strong></span> <span class='ocrx_word' id='word_1_192' title='bbox 989 2739 1039 2818; x_wconf 91' lang='lat' dir='ltr'><strong>[ac</strong></span> <span class='ocrx_word' id='word_1_193' title='bbox 1058 2738 1086 2801; x_wconf 94' lang='lat' dir='ltr'><strong>si</strong></span> 
     </span>
     <span class='ocr_line' id='line_1_28' title="bbox 77 2823 1086 2912; baseline -0.001 -22"><span class='ocrx_word' id='word_1_194' title='bbox 77 2827 167 2912; x_wconf 92' lang='lat' dir='ltr'><strong>prius</strong></span> <span class='ocrx_word' id='word_1_195' title='bbox 183 2825 359 2905; x_wconf 82' lang='lat' dir='ltr'><strong>liberasse,</strong></span> <span class='ocrx_word' id='word_1_196' title='bbox 378 2823 490 2887; x_wconf 91' lang='lat' dir='ltr'><strong>deinde</strong></span> <span class='ocrx_word' id='word_1_197' title='bbox 504 2824 666 2906; x_wconf 89' lang='lat' dir='ltr'><strong>peculium</strong></span> <span class='ocrx_word' id='word_1_198' title='bbox 682 2825 745 2888; x_wconf 91' lang='lat' dir='ltr'><strong>sibi</strong></span> <span class='ocrx_word' id='word_1_199' title='bbox 760 2825 877 2888; x_wconf 92' lang='lat' dir='ltr'><strong>habere</strong></span> <span class='ocrx_word' id='word_1_200' title='bbox 891 2825 999 2889; x_wconf 86' lang='lat' dir='ltr'><strong>iussus</strong></span> <span class='ocrx_word' id='word_1_201' title='bbox 1014 2828 1086 2905; x_wconf 89' lang='lat' dir='ltr'><strong>est].</strong></span> 
     </span>
    </p>

    <p class='ocr_par' dir='ltr' id='par_1_8' title="bbox 78 2910 1085 3350">
     <span class='ocr_line' id='line_1_29' title="bbox 168 2910 1085 2999; baseline 0.001 -22"><span class='ocrx_word' id='word_1_202' title='bbox 168 2913 219 2978; x_wconf 89' lang='grc'><strong>14.</strong></span> <span class='ocrx_word' id='word_1_203' title='bbox 251 2912 288 2978; x_wconf 90' lang='lat' dir='ltr'><strong>D.</strong></span> <span class='ocrx_word' id='word_1_204' title='bbox 312 2914 369 2996; x_wconf 84' lang='lat'><strong>33,</strong></span> <span class='ocrx_word' id='word_1_205' title='bbox 388 2914 422 2996; x_wconf 84' lang='lat'><strong>8,</strong></span> <span class='ocrx_word' id='word_1_206' title='bbox 444 2911 492 2976; x_wconf 81' lang='lat'><strong>15.</strong></span> <span class='ocrx_word' id='word_1_207' title='bbox 546 2911 637 2976; x_wconf 92' lang='lat' dir='ltr'><strong>Idem</strong></span> <span class='ocrx_word' id='word_1_208' title='bbox 671 2910 821 2993; x_wconf 89' lang='lat' dir='ltr'><strong>(Alfenus</strong></span> <span class='ocrx_word' id='word_1_209' title='bbox 848 2911 970 2999; x_wconf 87' lang='lat' dir='ltr'><strong>Varus)</strong></span> <span class='ocrx_word' id='word_1_210' title='bbox 1000 2915 1085 2978; x_wconf 91' lang='lat' dir='ltr'><strong>libro</strong></span> 
     </span>
     <span class='ocr_line' id='line_1_30' title="bbox 78 2998 1085 3087; baseline -0.003 -19"><span class='ocrx_word' id='word_1_211' title='bbox 78 3000 217 3068; x_wconf 86' lang='lat' dir='ltr'><strong>secundo</strong></span> <span class='ocrx_word' id='word_1_212' title='bbox 244 2999 455 3084; x_wconf 87' lang='lat' dir='ltr'><strong>Digestorum</strong></span> <span class='ocrx_word' id='word_1_213' title='bbox 488 3022 507 3064; x_wconf 90' lang='lat' dir='ltr'><strong>a</strong></span> <span class='ocrx_word' id='word_1_214' title='bbox 534 3000 635 3064; x_wconf 91' lang='lat' dir='ltr'><strong>Paulo</strong></span> <span class='ocrx_word' id='word_1_215' title='bbox 667 2999 914 3084; x_wconf 86' lang='lat' dir='ltr'><strong>epitomatorum</strong></span> <span class='ocrx_word' id='word_1_216' title='bbox 943 3000 993 3087; x_wconf 86' lang='lat' dir='ltr'><strong>(P.</strong></span> <span class='ocrx_word' id='word_1_217' title='bbox 1016 2998 1085 3086; x_wconf 90' lang='grc'><strong>46).</strong></span> 
     </span>
     <span class='ocr_line' id='line_1_31' title="bbox 79 3089 1084 3173; baseline -0.004 -17"><span class='ocrx_word' id='word_1_218' title='bbox 79 3089 176 3157; x_wconf 86' lang='lat' dir='ltr'><strong>Servo</strong></span> <span class='ocrx_word' id='word_1_219' title='bbox 203 3089 401 3154; x_wconf 86' lang='lat' dir='ltr'><strong>manumisso</strong></span> <span class='ocrx_word' id='word_1_220' title='bbox 424 3089 586 3173; x_wconf 87' lang='lat' dir='ltr'><strong>peculium</strong></span> <span class='ocrx_word' id='word_1_221' title='bbox 610 3089 755 3172; x_wconf 84' lang='lat' dir='ltr'><strong>legatum</strong></span> <span class='ocrx_word' id='word_1_222' title='bbox 780 3093 861 3154; x_wconf 90' lang='lat' dir='ltr'><strong>erat:</strong></span> <span class='ocrx_word' id='word_1_223' title='bbox 891 3090 955 3153; x_wconf 90' lang='lat' dir='ltr'><strong>alio</strong></span> <span class='ocrx_word' id='word_1_224' title='bbox 980 3090 1084 3171; x_wconf 87' lang='lat' dir='ltr'><strong>capite</strong></span> 
     </span>
     <span class='ocr_line' id='line_1_32' title="bbox 78 3177 1085 3260; baseline -0.004 -15"><span class='ocrx_word' id='word_1_225' title='bbox 78 3201 189 3245; x_wconf 90' lang='lat' dir='ltr'><strong>omnes</strong></span> <span class='ocrx_word' id='word_1_226' title='bbox 217 3177 352 3242; x_wconf 81' lang='lat' dir='ltr'><strong>ancillae</strong></span> <span class='ocrx_word' id='word_1_227' title='bbox 378 3199 452 3242; x_wconf 91' lang='lat' dir='ltr'><strong>suas</strong></span> <span class='ocrx_word' id='word_1_228' title='bbox 476 3178 567 3242; x_wconf 89' lang='lat' dir='ltr'><strong>uxori</strong></span> <span class='ocrx_word' id='word_1_229' title='bbox 590 3177 767 3260; x_wconf 87' lang='lat' dir='ltr'><strong>legaverat:</strong></span> <span class='ocrx_word' id='word_1_230' title='bbox 794 3179 829 3240; x_wconf 91' lang='lat' dir='ltr'><strong>in</strong></span> <span class='ocrx_word' id='word_1_231' title='bbox 852 3178 976 3260; x_wconf 90' lang='lat' dir='ltr'><strong>peculio</strong></span> <span class='ocrx_word' id='word_1_232' title='bbox 1000 3177 1085 3241; x_wconf 84' lang='lat' dir='ltr'><strong>servi</strong></span> 
     </span>
     <span class='ocr_line' id='line_1_33' title="bbox 79 3263 1084 3350; baseline -0.003 -18"><span class='ocrx_word' id='word_1_233' title='bbox 79 3268 198 3333; x_wconf 89' lang='lat' dir='ltr'><strong>ancilla</strong></span> <span class='ocrx_word' id='word_1_234' title='bbox 224 3267 296 3331; x_wconf 88' lang='lat' dir='ltr'><strong>fuit.</strong></span> <span class='ocrx_word' id='word_1_235' title='bbox 341 3267 426 3330; x_wconf 82' lang='lat' dir='ltr'><strong>servi</strong></span> <span class='ocrx_word' id='word_1_236' title='bbox 453 3287 524 3330; x_wconf 92' lang='lat' dir='ltr'><strong>eam</strong></span> <span class='ocrx_word' id='word_1_237' title='bbox 548 3286 618 3330; x_wconf 90' lang='lat' dir='ltr'><strong>esee</strong></span> <span class='ocrx_word' id='word_1_238' title='bbox 640 3265 807 3348; x_wconf 89' lang='lat' dir='ltr'><strong>respondit</strong></span> <span class='ocrx_word' id='word_1_239' title='bbox 829 3286 932 3348; x_wconf 90' lang='lat' dir='ltr'><strong>neque</strong></span> <span class='ocrx_word' id='word_1_240' title='bbox 956 3263 1084 3350; x_wconf 83' lang='lat' dir='ltr'><strong>referre,</strong></span> 
     </span>
    </p>
   </div>
   <div class='ocr_carea' id='block_1_7' title="bbox 79 3355 1084 3526">
    <p class='ocr_par' dir='ltr' id='par_1_9' title="bbox 79 3355 1084 3526">
     <span class='ocr_line' id='line_1_34' title="bbox 79 3355 539 3440; baseline -0.007 -19"><span class='ocrx_word' id='word_1_241' title='bbox 79 3357 141 3421; x_wconf 86' lang='lat' dir='ltr'><strong>utri</strong></span> <span class='ocrx_word' id='word_1_242' title='bbox 164 3356 254 3440; x_wconf 88' lang='lat' dir='ltr'><strong>prius</strong></span> <span class='ocrx_word' id='word_1_243' title='bbox 277 3355 422 3438; x_wconf 87' lang='lat' dir='ltr'><strong>legatum</strong></span> <span class='ocrx_word' id='word_1_244' title='bbox 445 3358 539 3418; x_wconf 88' lang='lat' dir='ltr'><strong>esset.</strong></span> 
     </span>
     <span class='ocr_line' id='line_1_35' title="bbox 168 3440 1084 3526; baseline -0.003 -17"><span class='ocrx_word' id='word_1_245' title='bbox 168 3443 219 3509; x_wconf 85' lang='lat'><strong>15.</strong></span> <span class='ocrx_word' id='word_1_246' title='bbox 246 3442 286 3508; x_wconf 93' lang='lat' dir='ltr'><strong>D.</strong></span> <span class='ocrx_word' id='word_1_247' title='bbox 300 3443 353 3523; x_wconf 85' lang='lat'><strong>40,</strong></span> <span class='ocrx_word' id='word_1_248' title='bbox 370 3444 397 3521; x_wconf 89' lang='lat'><strong>1,</strong></span> <span class='ocrx_word' id='word_1_249' title='bbox 412 3443 442 3508; x_wconf 91' lang='grc'><strong>6.</strong></span> <span class='ocrx_word' id='word_1_250' title='bbox 468 3441 603 3506; x_wconf 84' lang='lat' dir='ltr'><strong>Alfenus</strong></span> <span class='ocrx_word' id='word_1_251' title='bbox 618 3440 724 3506; x_wconf 90' lang='lat' dir='ltr'><strong>Varus</strong></span> <span class='ocrx_word' id='word_1_252' title='bbox 747 3441 830 3506; x_wconf 89' lang='lat' dir='ltr'><strong>libro</strong></span> <span class='ocrx_word' id='word_1_253' title='bbox 849 3444 965 3525; x_wconf 87' lang='lat' dir='ltr'><strong>quarto</strong></span> <span class='ocrx_word' id='word_1_254' title='bbox 984 3440 1084 3526; x_wconf 85' lang='lat' dir='ltr'><strong>Dige-</strong></span> 
     </span>
    </p>
   </div>
   <div class='ocr_carea' id='block_1_8' title="bbox 80 3528 1100 3618">
    <p class='ocr_par' dir='ltr' id='par_1_10' title="bbox 80 3528 1100 3618">
     <span class='ocr_line' id='line_1_36' title="bbox 80 3528 1100 3618; baseline -0.008 -20"><span class='ocrx_word' id='word_1_255' title='bbox 80 3536 203 3599; x_wconf 85' lang='lat' dir='ltr'><strong>storum</strong></span> <span class='ocrx_word' id='word_1_256' title='bbox 223 3529 273 3618; x_wconf 77' lang='lat' dir='ltr'><strong>(P.</strong></span> <span class='ocrx_word' id='word_1_257' title='bbox 288 3528 353 3617; x_wconf 83' lang='lat'><strong>17).</strong></span> <span class='ocrx_word' id='word_1_258' title='bbox 386 3529 504 3597; x_wconf 83' lang='lat' dir='ltr'><strong>Servus</strong></span> <span class='ocrx_word' id='word_1_259' title='bbox 523 3532 696 3618; x_wconf 88' lang='lat' dir='ltr'><strong>pecuniam</strong></span> <span class='ocrx_word' id='word_1_260' title='bbox 713 3531 755 3598; x_wconf 87' lang='lat' dir='ltr'><strong>ob</strong></span> <span class='ocrx_word' id='word_1_261' title='bbox 771 3530 967 3598; x_wconf 76' lang='lat' dir='ltr'><strong>libertatem</strong></span> <span class='ocrx_word' id='word_1_262' title='bbox 975 3536 1100 3613; x_wconf 60' lang='lat' dir='ltr'><strong>pactus</strong></span> 
     </span>
    </p>
   </div>
   <div class='ocr_carea' id='block_1_9' title="bbox 0 0 1216 3840">
    <p class='ocr_par' dir='ltr' id='par_1_11' title="bbox 0 0 1216 3840">
     <span class='ocr_line' id='line_1_37' title="bbox 0 0 1216 3840; baseline 0 0"><span class='ocrx_word' id='word_1_263' title='bbox 0 0 1216 3840; x_wconf 95' lang='lat' dir='ltr'><strong> </strong></span> 
     </span>
    </p>
   </div>
  </div>
 </body>
</html>
