2422 3840
113 190 180 254 374
210 189 283 246 VIII.
298 189 432 244 OCTAVI
446 190 649 260 sancluuls
665 187 837 246 corisum.
848 187 972 243 stains
987 187 1123 242 TERTIA

113 357 237 436 noceat,
260 357 364 418 cessat
382 355 466 420 actio
484 353 558 437 ista,
582 353 636 438 agi
655 356 763 418 autem
781 352 828 417 ita
846 352 967 437 poterit
985 351 1035 416 ius
1054 374 1123 418 non

113 463 183 505 5555
211 441 377 507 stillicidia
402 443 536 507 flumina
564 443 749 507 immittere.
799 447 830 505 55
858 441 930 504 ideo
953 439 1061 505 Labeo
1092 446 1124 506 et

113 529 289 595 Cascellius
311 531 401 595 aiunt
421 553 522 615 aquae
541 531 670 615 quidem
693 531 820 616 pluviae
844 529 999 594 arcendae
1022 531 1124 595 actio-

111 640 186 683 nem
210 619 380 703 specialem
404 641 484 702 esse,
507 620 545 684 de
568 620 756 684 flununibus
780 623 812 683 et
832 617 1005 683 stillicidiis
1026 640 1123 704 gene·

14 765 17 771 .
111 709 213 772 55155
238 713 271 772 55
293 709 411 793 ubique
435 710 488 793 agi
512 731 549 773 ea
572 709 678 773 licere.

476 891 557 967 Quod
579 894 609 951 55
632 896 657 950 ct
646 892 761 952 molam

203 1002 252 1064 14.
276 999 315 1074 D
333 1001 386 1085 43,
404 1003 457 1084 24,
477 1004 506 1085 1,
520 1001 549 1066 5.
567 1003 595 1065 7.
636 998 797 1085 Ulpianus
820 1000 904 1064 libro
928 1005 1124 1119 septuagen-

113 1088 194 1153 simo
214 1089 319 1173 primo
340 1091 380 1153 ad
398 1052 605 1175 edictdm(P.
621 1087 780 1176 1592).(
766 1089 913 1172 Praetor
932 1090 990 1154 ait:
1015 1089 1123 1166 Quod

110 1178 144 1241 vi
172 1184 228 1241 555
255 1179 340 1243 5155
368 1179 435 1243 fac
421 1183 491 1242 um
519 1183 581 1258 est,
615 1201 677 1262 qua
705 1179 743 1242 de
771 1200 805 1241 55
833 1179 955 1262 agitur,
987 1178 1021 1242 id
1049 1201 1122 1243 cum

112 1265 295 1349 experiendi
318 1272 462 1351 potestas
483 1270 540 1348 est,
562 1269 715 1332 restituas
718 1264 752 1353 '.)
790 1267 865 1351 quid
886 1268 930 1330 sit
947 1267 1123 1332 v1factum

2 1380 4 1384 ·
110 1355 162 1417 vel
186 1355 268 1419 olam
292 1355 414 1420 factum
436 1355 609 1420 videamus.
656 1357 688 1420 vi
709 1355 833 1420 factum
856 1355 958 1420 videri
982 1354 1084 1431 Quint
1085 1379 1122 1421 us

111 1441 237 1507 Mucius
266 1443 410 1528 scripsit,
438 1446 500 1508 si
538 1445 631 1509 ‚sed
660 1448 693 1508 et
721 1444 748 1507 si
776 1448 888 1509 contra
910 1446 1122 1510 testationem

33 1582 36 1589 .
113 1522 235 1594 denunt
221 1532 453 1616 tiationemque
490 1493 616 1619 fecerit,
652 1532 736 1597 idem
769 1555 839 1597 esse
873 1529 1050 1627 Cascellius
1091 1538 1122 1598 et

112 1619 283 1684 Trebatius
306 1644 350 1705 pu
351 1626 431 1686 t.ant

319 1796 402 1855 Ad
391 1802 435 1856 aat
424 1798 573 1857 terdictam
596 1797 630 1855 de
649 1796 756 1869 9155515
779 1797 916 1870 leucada?

203 1903 252 1968 15.
275 1903 314 1970 D
329 1904 381 1981 50
402 1907 453 1986 16,
468 1905 541 1972 158.
576 1902 689 1970 Celsus
708 1905 840 1970 libro
813 1906 985 1970 mcensimo
1005 1905 1121 2007 quinto

111 1988 321 2078 Digestorum
345 1955 395 2080 (P.
409 1957 498 2081 215).
538 1995 578 2059 15
600 2016 660 2059 555
683 1995 761 2059 iuris
783 1993 932 2078 frequent
934 2016 968 2059 55
990 1994 1040 2059 551
1063 2017 1122 2060 555

112 2077 288 2146 Cascellius
308 2081 354 2146 ait
372 2083 529 2167 singulari
548 2083 773 2168 appellatione,
792 2105 863 2147 cum
882 2084 975 2166 plura
993 2085 1121 2167 generis

112 2169 254 2234 eiusdem
281 2171 464 2254 significare
488 2174 655 2237 vellemus.
683 2194 759 2236 555
783 2170 878 2235 mult
864 2176 934 2236 tum
956 2171 1121 2237 hominem

31 2339 35 2346 Ι
111 2259 236 2322 venisse
255 2258 406 2324 Romam’
426 2260 486 2324 et
488 2262 609 2346 piscem
628 2261 725 2324 vilem
745 2260 989 2325 esse'dicimus.
1028 2261 1122 2341 [item

112 2346 180 2410 155
165 2347 352 2431 stipulando
372 2346 430 2435 (so.
444 2371 502 2433 pro
523 2349 639 2432 praede
658 2349 727 2413 litis
747 2354 780 2413 et
797 2345 1023 2435 vindiciarum)
1040 2351 1121 2414 satis

111 2432 268 2500 habemus
298 2437 336 2500 de
363 2437 480 2501 herede
508 2460 619 2502 cavere
648 2437 693 2502 si
722 2460 759 2502 ea
786 2459 837 2503 res
866 2437 1039 2501 secundum
1070 2461 1121 2503 me

111 2521 301 2588 heredemve
329 2544 436 2589 meum
463 2526 604 2591 iudicata
637 2525 714 2590 erit'
738 2534 772 2591 et
802 2548 913 2591 rursus
945 2524 1047 2609 quod
1079 2527 1120 2591 ob

113 2632 183 2675 eam
207 2635 275 2676 rem
298 2616 332 2676 te
355 2613 545 2679 heredemve
568 2614 685 2680 tuum':
709 2637 824 2699 nempe
844 2636 944 2699 aeque
964 2637 991 2679 s1
983 2615 1121 2699 plures

111 2698 293 2764 heredes
268 2706 333 2765 smt
356 2702 521 2767 continent
507 2708 560 2768 tur
583 2703 816 2786 stipulatione]

200 2901 362 2979 Nonnulla,
381 2921 457 2979 quae
475 2903 533 2963 ioci
552 2922 644 2963 causa
661 2903 849 2979 respondisse
864 2901 1029 2964 Cascellius
1049 2905 1124 2964 dici-

111 2994 176 3062 tur,
199 2989 324 3068 subieci,
348 2990 417 3067 quia
440 2992 631 3070 aliquatenus
655 2992 692 3050 ad
715 2993 761 3050 ius
784 2992 944 3068 pertinent.

426 3192 431 3206 ·
513 3171 560 3230 De
581 3172 720 3230 societate.

202 3279 251 3343 16.
283 3279 423 3345 Macrob.
448 3284 510 3345 sat.
533 3281 564 3360 2,
583 3281 611 3360 6,
631 3281 661 3345 2.
705 3279 908 3344 Μ55555ο51.
923 3258 1127 3363 .-,quemad

110 3366 241 3432 modum
275 3390 347 3433 cum
379 3370 467 3435 socio
500 3370 607 3433 navim
641 3368 797 3434 divideret
783 3370 861 3432 515
862 3369 1045 3453 terroganti
1078 3393 1127 3436 rc-

87 3454 278 3606 bspopdisse
301 3457 402 3521 tradit
388 3463 454 3521 tur:
481 3459 601 3522 Naoim
623 3460 652 3523 si
673 3458 796 3541 51151555,
817 3477 871 3522 aec
893 3461 927 3522 tu
949 3477 1003 3522 555
1024 3462 1128 3526 socius

112 3561 137 3603 a
154 3563 172 3606 e
189 3564 226 3609 as
