2422 3840
59 245 65 253 η
154 162 220 225 220
256 160 302 215 Vl.
325 159 458 215 OCTAVI
477 157 575 214 SAEO.
593 158 691 214 IURIS
710 157 882 216 CONSUL'P.
902 159 1027 215 anulus
1045 161 1165 218 PRIMA

243 328 329 398 Quod
348 327 469 388 Servius
489 327 639 403 Sulpicius
662 327 772 387 urbani
792 328 941 403 praetoris
965 328 1062 390 officio
1081 332 1171 390 func-

156 421 206 477 tus
224 436 284 476 non
303 421 358 494 est,
381 417 502 476 minime
521 419 632 494 obstat,
651 435 718 475 cum
737 416 862 476 eximiae
881 419 1071 479 auctoritatis
1090 420 1171 480 iuris

154 507 291 566 consulto
314 505 407 566 variis
430 505 525 565 modis
548 504 615 564 iura
639 505 766 564 condere
788 505 901 566 liceret.

318 717 371 776 IV.
399 719 629 795 Reprehensa
653 717 848 779 Scaevolae
871 719 1000 794 capita.
1108 779 1111 785 ,

245 843 332 901 Hunc
354 842 425 901 libri
447 843 572 902 titulum
594 842 696 920 fuisse,
720 860 756 900 ex
775 841 866 901 Gellii
883 843 982 904 verbis
1002 836 1048 920 (4,
1066 847 1095 917 1,
1112 839 1171 927 20)

155 951 209 1008 pro
233 934 314 991 certo
339 933 432 991 statui
453 931 568 1006 nequit.
612 930 726 990 Paulus
750 925 868 990 ‘notata
890 925 998 991 Mucii'
1023 934 1171 993 nominat.

155 1020 293 1081 Servium
321 1021 358 1080 ad
384 1019 458 1079 iuris
482 1019 577 1081 civilis
600 1021 720 1078 tantum
744 1019 1018 1098 assecuturos,
1045 1041 1109 1081 non
1132 1024 1172 1092 ad

154 1109 266 1168 librum
289 1107 368 1189 ὅρων
390 1112 477 1169 notas
498 1108 662 1185 scripsisse,
684 1108 769 1167 nulla
786 1108 894 1168 idonea
911 1109 1029 1168 ratione
1048 1114 1170 1185 putant.

155 1197 251 1258 Servii
278 1197 355 1257 liber
379 1197 595 1274 comparandus
618 1199 665 1256 est
685 1200 830 1281 nontam
849 1199 1085 1275 commentariis,
1117 1201 1170 1277 qui

154 1288 192 1346 ad
211 1287 346 1363 priorum
364 1286 439 1346 iuris
458 1286 665 1345 consultorum
682 1285 776 1345 libros
796 1286 957 1362 conscripti
975 1289 1054 1360 sunt,
1077 1308 1170 1365 quam

154 1376 255 1452 potius
287 1375 387 1453 libris,
420 1376 472 1452 qui
499 1375 536 1434 ad
565 1374 693 1433 aliorum
722 1374 835 1450 scripta
861 1377 949 1434 notas
976 1375 1172 1452 addiderunt,

155 1464 258 1542 quales
282 1462 337 1522 sub
361 1463 545 1539 principibus
569 1463 752 1538 scripserunt
771 1462 869 1523 Titius
887 1462 990 1523 Aristo
1014 1465 1053 1522 ad
1071 1463 1172 1526 Cassii

154 1553 228 1611 iuris
267 1551 364 1612 civilis
399 1551 492 1611 libros
529 1553 560 1610 et
595 1551 758 1611 Marcellus
794 1551 833 1610 ad
864 1552 1023 1627 Pomponii
1056 1554 1172 1613 librum

154 1641 339 1717 singularem
357 1641 550 1718 Regularum.
590 1640 646 1699 hoc
670 1659 740 1717 ergo
762 1639 909 1699 librorum
927 1659 1024 1718 genus
1044 1641 1171 1702 Servius

154 1729 285 1789 novavit.

570 1818 617 1876 De
639 1819 748 1892 lepats's.

246 1938 274 2002 1.
298 1935 375 2001 Gell.
389 1938 523 2021 4,1,17.
538 1973 580 1982 —
597 1934 751 2012 Quintum
770 1933 960 2002 Scaevolam
979 1937 1020 2002 ad
1040 1938 1171 2004 demon·

156 2025 323 2091 strandum
346 2048 465 2109 penum
487 2025 538 2089 his
560 2025 667 2090 verbis
690 2046 784 2089 usum
808 2025 913 2090 audio.
958 2025 1074 2111 ‘penus
1099 2027 1170 2112 est',

156 2116 272 2199 inquit,
295 2114 392 2199 ‘quod
410 2115 609 2178 esculentum
629 2117 686 2178 aut
703 2115 928 2197 posculentum
947 2118 997 2179 est
1014 2113 1070 2181 ...'
1091 2117 1169 2200 <sed

155 2205 355 2287 improbasse
382 2204 462 2268 haec
490 2200 556 2267 Ser.
582 2201 773 2285 Sulpicium,
806 2203 862 2286 qui
889 2201 940 2268 ‘at
964 2225 1028 2268 noc
1055 2205 1170 2284 omm',

156 2294 275 2376 inquit,
307 2291 405 2373 ‘quod
434 2312 501 2356 esus
528 2296 676 2373 potusque
702 2310 797 2357 causa
821 2296 974 2374 paratim
1001 2291 1103 2377 est,>¹
1135 2299 1171 2358 ut

156 2383 282 2446 Mucius
304 2382 363 2459 aa,
383 2400 482 2462 penos
504 2381 601 2445 videri
623 2380 712 2445 debet.
757 2400 832 2444 nam
855 2400 933 2462 quae
954 2382 998 2446 ad
1018 2384 1169 2448 edendum

155 2470 372 2552 bibendamque
402 2471 437 2533 ia
464 2469 528 2533 dies
554 2469 693 2551 stirpator
713 2469 846 2550 mandit
872 2474 1045 2535 cestrense
1072 2491 1169 2536 causa

152 2563 322 2640 parantur,
346 2578 444 2639 persus
470 2578 533 2622 coa
560 2563 646 2636 sunt,
673 2559 727 2622 sed
746 2578 782 2622 ea
801 2559 917 2641 potius,
944 2579 1024 2639 quae
1045 2559 1170 2625 huiusce

153 2648 273 2729 pencris
300 2646 406 2728 locpm
431 2646 550 2711 usionis
573 2647 680 2728 pratia
705 2646 927 2711 contrahuntur
949 2652 979 2711 et
999 2651 1167 2714 reconduc-

156 2740 220 2817 tur,
244 2755 281 2799 ec
303 2755 335 2800 eo
357 2737 520 2818 produco
543 2736 579 2800 ia
596 2740 752 2818 prompta,
773 2735 868 2819 (sed)
891 2737 976 2801 intus
998 2742 1027 2801 et
1043 2740 1168 2820 penitus

155 2824 338 2906 habeamur,
354 2843 454 2905 penus
477 2826 558 2889 dicta
580 2823 678 2888 surrt'.

245 2913 274 2977 2.
302 2911 341 2976 D.
356 2913 408 2991 33,
423 2913 453 2994 9,
468 2914 497 2994 3,
513 2914 542 2977 6.
574 2911 733 2996 Ulpianus
752 2911 835 2977 libro
854 2913 1006 2978 vicesimo
1027 2915 1167 2979 secundo

157 3001 198 3066 ad
217 2999 371 3065 Sabinum
391 2999 440 3087 (P.
461 2996 572 3087 2641).
593 3037 631 3048 —-
654 3003 709 3066 sed
733 3002 817 3086 quod
841 3001 979 3066 diximus
1003 3001 1094 3068 ‘usus
1118 3002 1166 3068 sui

158 3090 265 3177 gratia
291 3091 460 3174 paratum'
493 3090 713 3174 accipiendum
742 3091 803 3155 erit
831 3094 863 3155 et
891 3091 1069 3156 amicorum
1099 3093 1166 3156 eius

157 3179 379 3244 et-clientium
403 3183 436 3243 et
459 3180 692 3262 universorum,
715 3201 795 3262 quos
813 3179 897 3243 circa
915 3201 950 3243 se
969 3180 1080 3265 habet,
1102 3201 1166 3245 non

158 3270 256 3333 etiam
281 3268 350 3332 eius
374 3267 525 3350 familiae,
549 3290 646 3352 quam
669 3288 773 3350 neque
797 3269 882 3332 circa
906 3288 1064 3352 seneque
1083 3269 1166 3333 circa

158 3379 233 3421 suos
254 3356 377 3441 habel[,
399 3360 479 3440 puta
499 3358 526 3420 si
546 3357 696 3440 quisunt
716 3358 749 3418 in
768 3356 854 3420 villis
875 3356 1046 3440 deputati}
1087 3379 1165 3442 quos

226 3537 240 3582 1
261 3531 412 3586 Mommsen
429 3532 513 3603 symb.
533 3530 783 3601 Betim-Helicoep.
816 3531 867 3585 obl.
883 3547 913 3600 p.
927 3536 971 3586 91.
