2422 3840
103 188 168 251 240
204 188 251 242 Vl.
277 187 411 242 OCTAVI
431 187 529 242 SAEG.
547 186 644 242 Iulus
665 186 838 244 CONSULT.
853 187 980 243 suares
998 187 1118 243 PRIMA

481 356 529 415 De
547 358 735 430 postliminio.

191 467 222 530 2.
247 463 310 531 (lic.
325 469 424 551 top.8
446 467 533 546 §.dh
566 466 606 531 In
628 488 690 550 quo
712 464 769 551 (sc.
788 467 887 533 verbo
906 465 1120 553 postliminii)

104 553 234 620 Servius
262 559 373 620 noster
396 560 432 619 ut
455 555 583 640 opinor,
612 556 695 619 nihil
718 559 814 639 putat
837 578 907 621 esse
930 556 1121 639 notandum,

103 643 165 708 nisi
185 643 293 728 ‘post',
312 647 345 709 et
362 643 557 709 liminium&
588 643 669 709 illud
683 644 926 728 productionem
943 666 1014 710 esse
1028 646 1120 710 verbi

102 733 186 815 vult,
213 737 251 796 ut
277 733 311 797 in
334 733 486 819 finitimo,
514 732 673 817 legitimo,
703 733 856 797 aeditimo
884 755 950 798 non
973 734 1050 819 plus
1075 735 1121 798 in-

103 825 189 886 esset
211 819 361 904 ‘timum’,
386 844 483 905 quam
505 821 540 884 in
564 821 744 886 meditullio
769 821 932 888 ‘tullium’.

191 911 221 975 3.
254 909 292 974 D.
311 911 369 994 49,
390 909 444 992 15,
466 912 506 975 12
522 933 569 993 pr.
620 910 845 994 Tryphoninus
878 911 964 977 libro
1000 915 1118 997 quarto

102 997 367 1083 Disputatiouum
386 996 436 1082 (P.
455 997 520 1085 13).
561 998 601 1063 In
625 999 709 1064 bello
734 999 972 1083 postliminium
997 1005 1058 1082 est,
1084 1001 1118 1065 in

102 1109 181 1171 pace
205 1092 314 1153 autem
337 1088 398 1171 his,
422 1089 477 1171 qui
502 1088 588 1152 bello
607 1087 696 1171 capti
715 1093 816 1170 eraut,
839 1089 878 1153 de
897 1089 1017 1172 quibus
1035 1089 1117 1153 nihil

102 1177 137 1239 in
163 1177 267 1260 pactis
300 1180 370 1241 erat
397 1177 674 1260 comprehensum.
730 1177 815 1261 quod
847 1178 918 1241 ideo
956 1177 1119 1261 placuisse

103 1263 232 1329 Servius
253 1265 375 1349 scribit,
394 1267 470 1348 quia
489 1287 579 1349 spem
598 1265 780 1330 revertendi
800 1266 924 1331 civibus
943 1267 978 1331 in
998 1268 1119 1332 virtute

103 1353 220 1418 bellica
243 1354 347 1438 magis
371 1377 469 1438 quam
492 1354 526 1417 in
549 1376 628 1438 pace
653 1355 791 1418 Romani
813 1376 883 1420 esse
906 1355 1092 1422 voluerunt.

475 1537 522 1595 De
539 1538 741 1611 municipibus.

190 1646 220 1710 4.
256 1645 343 1710 Fest.
365 1645 395 1711 h.
420 1669 448 1712 v.
484 1682 522 1692 -
557 1645 725 1730 Municeps
758 1649 823 1727 est,
855 1651 892 1712 ut
924 1647 972 1711 ait
1004 1648 1119 1714 Aelius

102 1732 225 1814 Gallus,
249 1735 304 1819 qui
326 1735 361 1798 in
386 1735 560 1819 municipio
584 1735 667 1799 liber
690 1738 787 1800 natus
811 1739 870 1820 est,
892 1736 973 1801 item
999 1737 1055 1820 qui
1080 1759 1119 1802 ex

101 1823 165 1887 alio
190 1844 307 1909 genere
330 1825 497 1889 hominum
522 1846 637 1890 munus
661 1824 789 1888 functus
815 1828 872 1903 est,
898 1825 978 1889 item
1003 1826 1117 1910 quiin

100 1913 275 1996 municipio
309 1935 348 1978 ex
380 1915 534 1978 servitute
567 1934 602 1978 se
634 1913 785 1978 liberavit
816 1936 835 1977 a
863 1914 1035 1998 municipe.
1084 1922 1117 1980 at

100 1999 248 2066 Servius¹
272 2003 381 2067 aiebat
407 2003 503 2066 initio
531 2001 645 2084 fuisse,
678 2003 733 2086 qui
756 2023 794 2067 ea
817 2002 1006 2067 condicione
1030 2005 1116 2070 cives

99 2089 238 2155 Romani
256 2091 403 2171 fuissent,
426 2096 463 2155 ut
482 2092 608 2175 semper
626 2112 694 2155 rem
713 2091 876 2173 publicam
895 2093 1077 2174 separatim
1097 2118 1116 2158 a

98 2180 219 2262 populo
231 2179 378 2244 Romano
389 2180 555 2263 haberent,
568 2177 731 2244 Cumanos
743 2181 922 2244 Acerranos
933 2180 1117 2247 Atellanos.

191 2283 227 2343 cf.
251 2283 417 2341 Mommsen
440 2281 630 2342 Staatsrecht
652 2282 700 2342 111
726 2303 755 2358 p.
777 2285 839 2343 235
869 2303 898 2343 n.
920 2287 947 2344 1.

246 2495 282 2553 X.
310 2495 418 2554 Plane
442 2495 606 2554 incertae
631 2495 727 2554 sedis
750 2496 965 2574 fragmenta.

185 2619 367 2696 Fragmenta
393 2639 470 2695 quae
498 2639 595 2697 neque
621 2620 772 2696 responsis
800 2639 897 2698 neque
926 2624 1009 2681 certo
1032 2623 1113 2683 libro

97 2706 268 2767 adtribuere
297 2709 381 2784 licet,
414 2709 518 2768 eodem
545 2710 607 2767 fere
636 2709 739 2768 ordine
768 2709 925 2783 collocavi,
958 2730 1051 2786 quem
1082 2712 1114 2769 in

94 2797 243 2871 responsis
268 2802 388 2856 secutus
413 2816 488 2857 sum.

467 2959 513 3016 Dc
535 2962 614 3018 statu
637 2959 744 3018 liberie.

188 3068 213 3129 l.
239 3066 276 3132 D.
291 3068 344 3147 40,
360 3068 388 3146 7,
404 3069 433 3144 3,
448 3069 478 3132 2.
517 3067 607 3131 Idem
631 3065 820 3155 (Ulpianus)
843 3067 929 3133 libro
955 3068 1112 3135 vicesimo

95 3155 234 3236 septimo
258 3156 299 3220 ad
323 3155 479 3220 Sabinum
504 3155 552 3242 (P.
573 3155 682 3243 2697).
720 3205 750 3222 ..
774 3157 952 3241 quaeritur,
974 3159 1002 3222 si
1026 3157 1111 3223 forte

96 3241 250 3308 debeatur
272 3247 408 3327 pecunia
431 3245 506 3310 huic
530 3267 622 3309 servo
651 3247 703 3309 vel
731 3247 772 3310 ab
796 3246 927 3328 herede,
960 3247 1050 3331 quod
1078 3249 1112 3312 in

96 3330 219 3396 domini
237 3333 397 3398 rationem
418 3335 490 3417 plus
510 3339 707 3418 erogaverat,
730 3335 783 3399 vel
802 3334 842 3398 ab
863 3339 1029 3416 extraneo,
1052 3359 1112 3401 nec

97 3420 175 3483 velit
197 3423 289 3486 heres
314 3423 492 3487 debitorem
511 3423 680 3488 convenire
699 3422 752 3489 vel
772 3423 965 3488 statulibero
986 3424 1112 3490 solvere

153 3563 169 3609 1
194 3559 280 3619 Oodd.
301 3562 444 3622 Servilius
463 3565 505 3622 vel
525 3581 578 3622 scr.
596 3561 683 3619 filius.
718 3564 868 3619 emendabit
890 3563 1047 3619 Mommsen.
