<?xml version="1.0" encoding="UTF-8"?>
<!DOCTYPE html PUBLIC "-//W3C//DTD XHTML 1.0 Transitional//EN"
    "http://www.w3.org/TR/xhtml1/DTD/xhtml1-transitional.dtd">
<html xmlns="http://www.w3.org/1999/xhtml" xml:lang="en" lang="en">
 <head>
  <title>
</title>
<meta http-equiv="Content-Type" content="text/html;charset=utf-8" />
  <meta name='ocr-system' content='tesseract 3.04.00' />
  <meta name='ocr-capabilities' content='ocr_page ocr_carea ocr_par ocr_line ocrx_word'/>
</head>
<body>
  <div class='ocr_page' id='page_1' title='image "./iurisprudentiae00bremgoog_0195.png"; bbox 0 0 2422 3840; ppageno 0'>
   <div class='ocr_carea' id='block_1_1' title="bbox 99 172 1108 240">
    <p class='ocr_par' dir='ltr' id='par_1_1' title="bbox 99 172 1108 240">
     <span class='ocr_line' id='line_1_1' title="bbox 99 172 1108 240; baseline -0.01 0"><span class='ocrx_word' id='word_1_1' title='bbox 99 177 161 240; x_wconf 84' lang='grc'>182</span> <span class='ocrx_word' id='word_1_2' title='bbox 199 175 245 231; x_wconf 89' lang='lat' dir='ltr'>Vl.</span> <span class='ocrx_word' id='word_1_3' title='bbox 265 173 397 231; x_wconf 70' lang='lat' dir='ltr'>oculu</span> <span class='ocrx_word' id='word_1_4' title='bbox 416 174 514 230; x_wconf 80' lang='lat' dir='ltr'><strong>SAEC.</strong></span> <span class='ocrx_word' id='word_1_5' title='bbox 533 173 630 230; x_wconf 84' lang='lat' dir='ltr'><strong>IURIS</strong></span> <span class='ocrx_word' id='word_1_6' title='bbox 651 172 825 230; x_wconf 76' lang='lat' dir='ltr'><strong>CONSUUP.</strong></span> <span class='ocrx_word' id='word_1_7' title='bbox 845 172 973 229; x_wconf 73' lang='lat' dir='ltr'>sualua</span> <span class='ocrx_word' id='word_1_8' title='bbox 991 175 1108 230; x_wconf 82' lang='lat' dir='ltr'>PRIMA</span> 
     </span>
    </p>
   </div>
   <div class='ocr_carea' id='block_1_2' title="bbox 90 338 1109 670">
    <p class='ocr_par' dir='ltr' id='par_1_2' title="bbox 90 338 1109 670">
     <span class='ocr_line' id='line_1_2' title="bbox 187 338 1109 422; baseline 0.002 -20"><span class='ocrx_word' id='word_1_9' title='bbox 187 345 298 403; x_wconf 89' lang='lat' dir='ltr'>Paulus</span> <span class='ocrx_word' id='word_1_10' title='bbox 317 345 446 403; x_wconf 86' lang='lat' dir='ltr'>fortasse</span> <span class='ocrx_word' id='word_1_11' title='bbox 466 344 598 419; x_wconf 73' lang='lat' dir='ltr'>scripsit:</span> <span class='ocrx_word' id='word_1_12' title='bbox 621 338 686 403; x_wconf 68' lang='lat' dir='ltr'>‘sed</span> <span class='ocrx_word' id='word_1_13' title='bbox 704 345 807 404; x_wconf 82' lang='lat' dir='ltr'>varius</span> <span class='ocrx_word' id='word_1_14' title='bbox 825 346 881 422; x_wconf 91' lang='lat' dir='ltr'>est,</span> <span class='ocrx_word' id='word_1_15' title='bbox 898 345 975 417; x_wconf 74' lang='lat' dir='ltr'>quod</span> <span class='ocrx_word' id='word_1_16' title='bbox 992 342 1109 404; x_wconf 75' lang='lat' dir='ltr'>Servius</span> 
     </span>
     <span class='ocr_line' id='line_1_3' title="bbox 90 425 1107 511; baseline 0.001 -20"><span class='ocrx_word' id='word_1_17' title='bbox 90 428 257 506; x_wconf 64' lang='lat' dir='ltr'>&#39;respondit</span> <span class='ocrx_word' id='word_1_18' title='bbox 291 427 356 492; x_wconf 89' lang='lat' dir='ltr'>eos’</span> <span class='ocrx_word' id='word_1_19' title='bbox 390 436 420 492; x_wconf 90' lang='lat' dir='ltr'>et</span> <span class='ocrx_word' id='word_1_20' title='bbox 453 455 480 510; x_wconf 90' lang='lat' dir='ltr'>q.</span> <span class='ocrx_word' id='word_1_21' title='bbox 504 451 526 493; x_wconf 93' lang='lat' dir='ltr'>s.</span> <span class='ocrx_word' id='word_1_22' title='bbox 581 434 617 492; x_wconf 88' lang='lat' dir='ltr'>cf.</span> <span class='ocrx_word' id='word_1_23' title='bbox 640 433 676 493; x_wconf 91' lang='lat' dir='ltr'>D.</span> <span class='ocrx_word' id='word_1_24' title='bbox 702 434 758 511; x_wconf 86' lang='lat'>38,</span> <span class='ocrx_word' id='word_1_25' title='bbox 783 435 812 511; x_wconf 79' lang='lat'>7,</span> <span class='ocrx_word' id='word_1_26' title='bbox 837 434 877 492; x_wconf 90' lang='grc'>16</span> <span class='ocrx_word' id='word_1_27' title='bbox 912 425 958 492; x_wconf 64' lang='lat'><strong>³..</strong></span> <span class='ocrx_word' id='word_1_28' title='bbox 987 431 1107 493; x_wconf 82' lang='lat' dir='ltr'>Servius</span> 
     </span>
     <span class='ocr_line' id='line_1_4' title="bbox 98 519 1107 634; baseline 0.002 -55"><span class='ocrx_word' id='word_1_29' title='bbox 98 521 283 634; x_wconf 32' lang='lat' dir='ltr'>respondit(</span> <span class='ocrx_word' id='word_1_30' title='bbox 303 522 355 598; x_wconf 90' lang='lat' dir='ltr'>qui</span> <span class='ocrx_word' id='word_1_31' title='bbox 389 540 455 580; x_wconf 92' lang='lat' dir='ltr'>cum</span> <span class='ocrx_word' id='word_1_32' title='bbox 491 521 681 599; x_wconf 73' lang='lat' dir='ltr'>consulebat,</span> <span class='ocrx_word' id='word_1_33' title='bbox 718 519 890 580; x_wconf 82' lang='lat' dir='ltr'>Cornelium</span> <span class='ocrx_word' id='word_1_34' title='bbox 922 522 1107 596; x_wconf 87' lang='lat' dir='ltr'>respondisse</span> 
     </span>
     <span class='ocr_line' id='line_1_5' title="bbox 97 611 197 670; baseline 0 0"><span class='ocrx_word' id='word_1_35' title='bbox 97 611 197 670; x_wconf 86' lang='lat' dir='ltr'>arebat</span> 
     </span>
    </p>
   </div>
   <div class='ocr_carea' id='block_1_3' title="bbox 207 753 1000 824">
    <p class='ocr_par' dir='ltr' id='par_1_3' title="bbox 207 753 1000 824">
     <span class='ocr_line' id='line_1_6' title="bbox 207 753 1000 824; baseline 0.001 -17"><span class='ocrx_word' id='word_1_36' title='bbox 207 753 250 808; x_wconf 87' lang='lat' dir='ltr'>De</span> <span class='ocrx_word' id='word_1_37' title='bbox 268 755 396 809; x_wconf 73' lang='lat' dir='ltr'>tabernae</span> <span class='ocrx_word' id='word_1_38' title='bbox 410 754 529 822; x_wconf 75' lang='lat' dir='ltr'>pistrini</span> <span class='ocrx_word' id='word_1_39' title='bbox 547 769 687 823; x_wconf 73' lang='lat' dir='ltr'>caccpoaae</span> <span class='ocrx_word' id='word_1_40' title='bbox 704 755 884 808; x_wconf 77' lang='lat' dir='ltr'>iustrumenta</span> <span class='ocrx_word' id='word_1_41' title='bbox 902 753 1000 824; x_wconf 78' lang='lat' dir='ltr'>lepcto.</span> 
     </span>
    </p>
   </div>
   <div class='ocr_carea' id='block_1_4' title="bbox 94 851 1108 1735">
    <p class='ocr_par' dir='ltr' id='par_1_4' title="bbox 94 851 1107 1536">
     <span class='ocr_line' id='line_1_7' title="bbox 185 851 1106 937; baseline 0 -19"><span class='ocrx_word' id='word_1_42' title='bbox 185 854 237 918; x_wconf 93' lang='grc'>44.</span> <span class='ocrx_word' id='word_1_43' title='bbox 269 853 309 918; x_wconf 92' lang='lat' dir='ltr'>D.</span> <span class='ocrx_word' id='word_1_44' title='bbox 328 853 385 931; x_wconf 88' lang='grc'>33,</span> <span class='ocrx_word' id='word_1_45' title='bbox 406 854 438 937; x_wconf 83' lang='grc'>7,</span> <span class='ocrx_word' id='word_1_46' title='bbox 461 853 501 918; x_wconf 80' lang='lat'>15</span> <span class='ocrx_word' id='word_1_47' title='bbox 514 876 562 937; x_wconf 91' lang='lat' dir='ltr'>pr.</span> <span class='ocrx_word' id='word_1_48' title='bbox 607 851 805 936; x_wconf 87' lang='lat' dir='ltr'>Pomponius</span> <span class='ocrx_word' id='word_1_49' title='bbox 833 852 918 917; x_wconf 92' lang='lat' dir='ltr'>libro</span> <span class='ocrx_word' id='word_1_50' title='bbox 948 857 1041 918; x_wconf 84' lang='lat' dir='ltr'>sexto</span> <span class='ocrx_word' id='word_1_51' title='bbox 1069 855 1106 918; x_wconf 87' lang='lat' dir='ltr'>ad</span> 
     </span>
     <span class='ocr_line' id='line_1_8' title="bbox 99 938 1107 1028; baseline 0.001 -23"><span class='ocrx_word' id='word_1_52' title='bbox 99 940 255 1006; x_wconf 82' lang='lat' dir='ltr'>Sabinum</span> <span class='ocrx_word' id='word_1_53' title='bbox 283 939 333 1028; x_wconf 92' lang='lat' dir='ltr'>(P.</span> <span class='ocrx_word' id='word_1_54' title='bbox 355 938 445 1028; x_wconf 89' lang='grc'>490).</span> <span class='ocrx_word' id='word_1_55' title='bbox 501 940 535 1006; x_wconf 83' lang='lat' dir='ltr'>Si</span> <span class='ocrx_word' id='word_1_56' title='bbox 563 942 610 1006; x_wconf 89' lang='lat' dir='ltr'>ita</span> <span class='ocrx_word' id='word_1_57' title='bbox 638 945 832 1007; x_wconf 85' lang='lat' dir='ltr'>testamento</span> <span class='ocrx_word' id='word_1_58' title='bbox 862 943 1020 1026; x_wconf 89' lang='lat' dir='ltr'>scriptum</span> <span class='ocrx_word' id='word_1_59' title='bbox 1052 942 1107 1006; x_wconf 89' lang='lat' dir='ltr'>sit:</span> 
     </span>
     <span class='ocr_line' id='line_1_9' title="bbox 98 1029 1107 1115; baseline 0 -20"><span class='ocrx_word' id='word_1_60' title='bbox 98 1031 192 1115; x_wconf 81' lang='lat' dir='ltr'>‘quae</span> <span class='ocrx_word' id='word_1_61' title='bbox 207 1031 416 1095; x_wconf 86' lang='lat' dir='ltr'>tabernarum</span> <span class='ocrx_word' id='word_1_62' title='bbox 431 1030 680 1094; x_wconf 86' lang='lat' dir='ltr'>exercendarum</span> <span class='ocrx_word' id='word_1_63' title='bbox 694 1029 955 1096; x_wconf 74' lang='lat' dir='ltr'>instruendorum</span> <span class='ocrx_word' id='word_1_64' title='bbox 976 1031 1107 1114; x_wconf 88' lang='lat' dir='ltr'>pistrini</span> 
     </span>
     <span class='ocr_line' id='line_1_10' title="bbox 97 1118 1106 1204; baseline 0 -20"><span class='ocrx_word' id='word_1_65' title='bbox 97 1141 262 1202; x_wconf 84' lang='lat' dir='ltr'>cauponae</span> <span class='ocrx_word' id='word_1_66' title='bbox 290 1141 388 1184; x_wconf 87' lang='lat' dir='ltr'>causa</span> <span class='ocrx_word' id='word_1_67' title='bbox 415 1118 502 1184; x_wconf 89' lang='lat' dir='ltr'>facta</span> <span class='ocrx_word' id='word_1_68' title='bbox 529 1124 707 1204; x_wconf 86' lang='lat' dir='ltr'>parataque</span> <span class='ocrx_word' id='word_1_69' title='bbox 735 1122 824 1204; x_wconf 89' lang='lat' dir='ltr'>sunt,</span> <span class='ocrx_word' id='word_1_70' title='bbox 856 1119 897 1184; x_wconf 90' lang='lat' dir='ltr'>do</span> <span class='ocrx_word' id='word_1_71' title='bbox 927 1118 1030 1204; x_wconf 86' lang='lat' dir='ltr'>lego&#39;,</span> <span class='ocrx_word' id='word_1_72' title='bbox 1057 1120 1106 1184; x_wconf 90' lang='lat' dir='ltr'>his</span> 
     </span>
     <span class='ocr_line' id='line_1_11' title="bbox 96 1205 1106 1292; baseline 0.002 -21"><span class='ocrx_word' id='word_1_73' title='bbox 96 1209 203 1272; x_wconf 82' lang='lat' dir='ltr'>verbis</span> <span class='ocrx_word' id='word_1_74' title='bbox 227 1205 357 1272; x_wconf 84' lang='lat' dir='ltr'>Servius</span> <span class='ocrx_word' id='word_1_75' title='bbox 382 1207 550 1291; x_wconf 87' lang='lat' dir='ltr'>respondit</span> <span class='ocrx_word' id='word_1_76' title='bbox 573 1211 605 1272; x_wconf 86' lang='lat' dir='ltr'>et</span> <span class='ocrx_word' id='word_1_77' title='bbox 628 1208 786 1292; x_wconf 88' lang='lat' dir='ltr'>caballos,</span> <span class='ocrx_word' id='word_1_78' title='bbox 814 1206 870 1292; x_wconf 92' lang='lat' dir='ltr'>qui</span> <span class='ocrx_word' id='word_1_79' title='bbox 897 1207 932 1271; x_wconf 90' lang='lat' dir='ltr'>in</span> <span class='ocrx_word' id='word_1_80' title='bbox 960 1209 1106 1292; x_wconf 84' lang='lat' dir='ltr'>pistrinis</span> 
     </span>
     <span class='ocr_line' id='line_1_12' title="bbox 97 1296 1106 1380; baseline 0.002 -20"><span class='ocrx_word' id='word_1_81' title='bbox 97 1302 216 1378; x_wconf 88' lang='lat' dir='ltr'>essent,</span> <span class='ocrx_word' id='word_1_82' title='bbox 245 1301 277 1360; x_wconf 88' lang='lat' dir='ltr'>et</span> <span class='ocrx_word' id='word_1_83' title='bbox 304 1297 444 1380; x_wconf 88' lang='lat' dir='ltr'>pistores</span> <span class='ocrx_word' id='word_1_84' title='bbox 473 1301 505 1360; x_wconf 93' lang='lat' dir='ltr'>et</span> <span class='ocrx_word' id='word_1_85' title='bbox 532 1296 566 1360; x_wconf 91' lang='lat' dir='ltr'>in</span> <span class='ocrx_word' id='word_1_86' title='bbox 592 1296 750 1380; x_wconf 88' lang='lat' dir='ltr'>cauponio</span> <span class='ocrx_word' id='word_1_87' title='bbox 773 1296 940 1361; x_wconf 88' lang='lat' dir='ltr'>institores</span> <span class='ocrx_word' id='word_1_88' title='bbox 965 1300 1000 1360; x_wconf 89' lang='lat' dir='ltr'>et</span> <span class='ocrx_word' id='word_1_89' title='bbox 1023 1296 1106 1362; x_wconf 88' lang='lat' dir='ltr'>foca·</span> 
     </span>
     <span class='ocr_line' id='line_1_13' title="bbox 97 1385 1105 1536; baseline 0.001 -87"><span class='ocrx_word' id='word_1_90' title='bbox 97 1386 193 1536; x_wconf 47' lang='lat' dir='ltr'>riam,</span> <span class='ocrx_word' id='word_1_91' title='bbox 212 1406 406 1469; x_wconf 86' lang='lat' dir='ltr'>mercesque,</span> <span class='ocrx_word' id='word_1_92' title='bbox 430 1407 511 1468; x_wconf 90' lang='lat' dir='ltr'>quae</span> <span class='ocrx_word' id='word_1_93' title='bbox 534 1386 568 1449; x_wconf 93' lang='lat' dir='ltr'>in</span> <span class='ocrx_word' id='word_1_94' title='bbox 591 1386 643 1449; x_wconf 91' lang='lat' dir='ltr'>his</span> <span class='ocrx_word' id='word_1_95' title='bbox 666 1385 812 1449; x_wconf 83' lang='lat' dir='ltr'>tabernis</span> <span class='ocrx_word' id='word_1_96' title='bbox 835 1388 957 1469; x_wconf 88' lang='lat' dir='ltr'>essent,</span> <span class='ocrx_word' id='word_1_97' title='bbox 981 1387 1105 1472; x_wconf 82' lang='lat' dir='ltr'>legatas</span> 
     </span>
     <span class='ocr_line' id='line_1_14' title="bbox 94 1494 204 1536; baseline 0 0"><span class='ocrx_word' id='word_1_98' title='bbox 94 1495 126 1536; x_wconf 84' lang='lat' dir='ltr'>vi</span> <span class='ocrx_word' id='word_1_99' title='bbox 150 1494 204 1536; x_wconf 92' lang='lat' dir='ltr'>er1.</span> 
     </span>
    </p>

    <p class='ocr_par' dir='ltr' id='par_1_5' title="bbox 95 1560 1108 1735">
     <span class='ocr_line' id='line_1_15' title="bbox 184 1560 1108 1651; baseline 0.003 -27"><span class='ocrx_word' id='word_1_100' title='bbox 184 1567 220 1626; x_wconf 92' lang='lat' dir='ltr'>cf.</span> <span class='ocrx_word' id='word_1_101' title='bbox 248 1567 297 1625; x_wconf 86' lang='lat' dir='ltr'>lex</span> <span class='ocrx_word' id='word_1_102' title='bbox 323 1567 439 1625; x_wconf 87' lang='lat' dir='ltr'>metalli</span> <span class='ocrx_word' id='word_1_103' title='bbox 469 1567 660 1643; x_wconf 85' lang='lat' dir='ltr'>Vipascensis</span> <span class='ocrx_word' id='word_1_104' title='bbox 689 1568 709 1626; x_wconf 91' lang='lat'><strong>1.</strong></span> <span class='ocrx_word' id='word_1_105' title='bbox 735 1571 775 1629; x_wconf 81' lang='lat'>17</span> <span class='ocrx_word' id='word_1_106' title='bbox 809 1562 927 1645; x_wconf 90' lang='lat' dir='ltr'>(Bruns</span> <span class='ocrx_word' id='word_1_107' title='bbox 954 1589 984 1644; x_wconf 92' lang='lat' dir='ltr'>p.</span> <span class='ocrx_word' id='word_1_108' title='bbox 1011 1560 1108 1651; x_wconf 78' lang='lat'>267):</span> 
     </span>
     <span class='ocr_line' id='line_1_16' title="bbox 95 1649 1108 1735; baseline 0.004 -22"><span class='ocrx_word' id='word_1_109' title='bbox 95 1649 159 1732; x_wconf 62' lang='lat' dir='ltr'>‘qui</span> <span class='ocrx_word' id='word_1_110' title='bbox 177 1655 273 1715; x_wconf 89' lang='lat' dir='ltr'>mulos</span> <span class='ocrx_word' id='word_1_111' title='bbox 292 1657 389 1714; x_wconf 90' lang='lat' dir='ltr'>mulas</span> <span class='ocrx_word' id='word_1_112' title='bbox 408 1656 507 1716; x_wconf 89' lang='lat' dir='ltr'>asinos</span> <span class='ocrx_word' id='word_1_113' title='bbox 528 1657 626 1716; x_wconf 87' lang='lat' dir='ltr'>asinas</span> <span class='ocrx_word' id='word_1_114' title='bbox 646 1656 809 1716; x_wconf 88' lang='lat' dir='ltr'>caballos</span> <span class='ocrx_word' id='word_1_115' title='bbox 834 1675 926 1733; x_wconf 87' lang='lat' dir='ltr'>equas</span> <span class='ocrx_word' id='word_1_116' title='bbox 945 1657 1004 1716; x_wconf 90' lang='lat' dir='ltr'>sub</span> <span class='ocrx_word' id='word_1_117' title='bbox 1023 1677 1108 1735; x_wconf 88' lang='lat' dir='ltr'>prae·</span> 
     </span>
    </p>
   </div>
   <div class='ocr_carea' id='block_1_5' title="bbox 95 1738 722 1896">
    <p class='ocr_par' dir='ltr' id='par_1_6' title="bbox 95 1738 722 1896">
     <span class='ocr_line' id='line_1_17' title="bbox 95 1738 378 1804; baseline 0.007 -3"><span class='ocrx_word' id='word_1_118' title='bbox 95 1762 167 1802; x_wconf 86' lang='lat' dir='ltr'>cone</span> <span class='ocrx_word' id='word_1_119' title='bbox 190 1738 378 1804; x_wconf 88' lang='lat' dir='ltr'>vendiderit&#39;.</span> 
     </span>
     <span class='ocr_line' id='line_1_18' title="bbox 477 1826 722 1896; baseline 0.004 -16"><span class='ocrx_word' id='word_1_120' title='bbox 477 1826 521 1880; x_wconf 85' lang='lat' dir='ltr'>De</span> <span class='ocrx_word' id='word_1_121' title='bbox 538 1842 607 1880; x_wconf 82' lang='lat' dir='ltr'>accc</span> <span class='ocrx_word' id='word_1_122' title='bbox 626 1827 722 1896; x_wconf 63' lang='lat' dir='ltr'>urata</span> 
     </span>
    </p>
   </div>
   <div class='ocr_carea' id='block_1_6' title="bbox 183 1924 1109 2012">
    <p class='ocr_par' dir='ltr' id='par_1_7' title="bbox 183 1924 1109 2012">
     <span class='ocr_line' id='line_1_19' title="bbox 183 1924 1109 2012; baseline 0.002 -23"><span class='ocrx_word' id='word_1_123' title='bbox 183 1926 235 1990; x_wconf 77' lang='lat'><strong>45.</strong></span> <span class='ocrx_word' id='word_1_124' title='bbox 266 1925 305 1990; x_wconf 92' lang='lat' dir='ltr'><strong>D.</strong></span> <span class='ocrx_word' id='word_1_125' title='bbox 320 1926 372 2009; x_wconf 86' lang='grc'>21,</span> <span class='ocrx_word' id='word_1_126' title='bbox 388 1926 417 2007; x_wconf 85' lang='grc'>2,</span> <span class='ocrx_word' id='word_1_127' title='bbox 431 1926 484 1990; x_wconf 89' lang='grc'>44.</span> <span class='ocrx_word' id='word_1_128' title='bbox 526 1924 661 1990; x_wconf 83' lang='lat' dir='ltr'>Alfenus</span> <span class='ocrx_word' id='word_1_129' title='bbox 684 1925 769 1990; x_wconf 90' lang='lat' dir='ltr'>libro</span> <span class='ocrx_word' id='word_1_130' title='bbox 793 1925 932 1990; x_wconf 86' lang='lat' dir='ltr'>secundo</span> <span class='ocrx_word' id='word_1_131' title='bbox 956 1924 1109 2012; x_wconf 81' lang='lat' dir='ltr'>Digesto·</span> 
     </span>
    </p>
   </div>
   <div class='ocr_carea' id='block_1_7' title="bbox 93 2011 1109 2521">
    <p class='ocr_par' dir='ltr' id='par_1_8' title="bbox 93 2011 1109 2521">
     <span class='ocr_line' id='line_1_20' title="bbox 95 2011 1109 2101; baseline 0.002 -23"><span class='ocrx_word' id='word_1_132' title='bbox 95 2036 166 2078; x_wconf 93' lang='lat' dir='ltr'>rum</span> <span class='ocrx_word' id='word_1_133' title='bbox 198 2037 217 2080; x_wconf 88' lang='lat' dir='ltr'>a</span> <span class='ocrx_word' id='word_1_134' title='bbox 244 2015 346 2079; x_wconf 88' lang='lat' dir='ltr'>Paulo</span> <span class='ocrx_word' id='word_1_135' title='bbox 381 2015 631 2098; x_wconf 87' lang='lat' dir='ltr'>epitomatorum</span> <span class='ocrx_word' id='word_1_136' title='bbox 659 2011 708 2101; x_wconf 89' lang='lat' dir='ltr'>(P.</span> <span class='ocrx_word' id='word_1_137' title='bbox 731 2013 799 2098; x_wconf 82' lang='lat'><strong>45).</strong></span> <span class='ocrx_word' id='word_1_138' title='bbox 850 2011 1012 2099; x_wconf 82' lang='lat' dir='ltr'>Scapham</span> <span class='ocrx_word' id='word_1_139' title='bbox 1042 2037 1109 2080; x_wconf 91' lang='lat' dir='ltr'>non</span> 
     </span>
     <span class='ocr_line' id='line_1_21' title="bbox 95 2102 1108 2187; baseline 0.001 -20"><span class='ocrx_word' id='word_1_140' title='bbox 95 2104 196 2167; x_wconf 84' lang='lat' dir='ltr'>videri</span> <span class='ocrx_word' id='word_1_141' title='bbox 224 2103 316 2168; x_wconf 86' lang='lat' dir='ltr'>navis</span> <span class='ocrx_word' id='word_1_142' title='bbox 340 2125 410 2168; x_wconf 90' lang='lat' dir='ltr'>esse</span> <span class='ocrx_word' id='word_1_143' title='bbox 433 2102 600 2186; x_wconf 90' lang='lat' dir='ltr'>respondit</span> <span class='ocrx_word' id='word_1_144' title='bbox 622 2125 681 2168; x_wconf 92' lang='lat' dir='ltr'>nec</span> <span class='ocrx_word' id='word_1_145' title='bbox 704 2105 876 2187; x_wconf 87' lang='lat' dir='ltr'>quicquam</span> <span class='ocrx_word' id='word_1_146' title='bbox 899 2103 1108 2169; x_wconf 88' lang='lat' dir='ltr'>coniunctum</span> 
     </span>
     <span class='ocr_line' id='line_1_22' title="bbox 94 2192 1107 2277; baseline 0.003 -23"><span class='ocrx_word' id='word_1_147' title='bbox 94 2192 223 2277; x_wconf 90' lang='lat' dir='ltr'>habere,</span> <span class='ocrx_word' id='word_1_148' title='bbox 245 2215 321 2257; x_wconf 87' lang='lat' dir='ltr'>nam</span> <span class='ocrx_word' id='word_1_149' title='bbox 342 2192 494 2276; x_wconf 87' lang='lat' dir='ltr'>scapham</span> <span class='ocrx_word' id='word_1_150' title='bbox 513 2192 619 2275; x_wconf 90' lang='lat' dir='ltr'>ipsam</span> <span class='ocrx_word' id='word_1_151' title='bbox 637 2213 694 2275; x_wconf 90' lang='lat' dir='ltr'>per</span> <span class='ocrx_word' id='word_1_152' title='bbox 714 2213 747 2256; x_wconf 85' lang='lat' dir='ltr'>se</span> <span class='ocrx_word' id='word_1_153' title='bbox 766 2213 899 2274; x_wconf 86' lang='lat' dir='ltr'>parvam</span> <span class='ocrx_word' id='word_1_154' title='bbox 918 2192 1107 2258; x_wconf 86' lang='lat' dir='ltr'>naviculam</span> 
     </span>
     <span class='ocr_line' id='line_1_23' title="bbox 95 2277 1108 2367; baseline 0.001 -24"><span class='ocrx_word' id='word_1_155' title='bbox 95 2301 178 2345; x_wconf 87' lang='lat' dir='ltr'>esse:</span> <span class='ocrx_word' id='word_1_156' title='bbox 203 2282 312 2346; x_wconf 87' lang='lat' dir='ltr'>omnia</span> <span class='ocrx_word' id='word_1_157' title='bbox 334 2284 452 2363; x_wconf 88' lang='lat' dir='ltr'>autem,</span> <span class='ocrx_word' id='word_1_158' title='bbox 477 2301 557 2363; x_wconf 87' lang='lat' dir='ltr'>quae</span> <span class='ocrx_word' id='word_1_159' title='bbox 577 2281 748 2345; x_wconf 86' lang='lat' dir='ltr'>coniuncta</span> <span class='ocrx_word' id='word_1_160' title='bbox 765 2281 841 2344; x_wconf 84' lang='lat' dir='ltr'>navi</span> <span class='ocrx_word' id='word_1_161' title='bbox 860 2283 970 2344; x_wconf 88' lang='lat' dir='ltr'>essent</span> <span class='ocrx_word' id='word_1_162' title='bbox 990 2277 1108 2367; x_wconf 85' lang='lat' dir='ltr'>(veluti</span> 
     </span>
     <span class='ocr_line' id='line_1_24' title="bbox 94 2368 1109 2454; baseline 0.003 -23"><span class='ocrx_word' id='word_1_163' title='bbox 94 2369 312 2451; x_wconf 83' lang='lat' dir='ltr'>gubernacula</span> <span class='ocrx_word' id='word_1_164' title='bbox 340 2368 445 2432; x_wconf 88' lang='lat' dir='ltr'>malus</span> <span class='ocrx_word' id='word_1_165' title='bbox 475 2373 644 2433; x_wconf 87' lang='lat' dir='ltr'>antemnae</span> <span class='ocrx_word' id='word_1_166' title='bbox 672 2368 808 2454; x_wconf 85' lang='lat' dir='ltr'>velum),</span> <span class='ocrx_word' id='word_1_167' title='bbox 841 2368 934 2452; x_wconf 88' lang='lat' dir='ltr'>quasi</span> <span class='ocrx_word' id='word_1_168' title='bbox 961 2370 1109 2434; x_wconf 89' lang='lat' dir='ltr'>membra</span> 
     </span>
     <span class='ocr_line' id='line_1_25' title="bbox 93 2478 288 2521; baseline 0.005 -2"><span class='ocrx_word' id='word_1_169' title='bbox 93 2478 185 2521; x_wconf 84' lang='lat' dir='ltr'>naus</span> <span class='ocrx_word' id='word_1_170' title='bbox 210 2478 288 2521; x_wconf 88' lang='lat' dir='ltr'>esse.</span> 
     </span>
    </p>
   </div>
   <div class='ocr_carea' id='block_1_8' title="bbox 452 2542 747 2615">
    <p class='ocr_par' dir='ltr' id='par_1_9' title="bbox 452 2542 747 2615">
     <span class='ocr_line' id='line_1_26' title="bbox 452 2542 747 2615; baseline 0.007 -19"><span class='ocrx_word' id='word_1_171' title='bbox 452 2542 496 2597; x_wconf 85' lang='lat' dir='ltr'>De</span> <span class='ocrx_word' id='word_1_172' title='bbox 510 2544 632 2612; x_wconf 74' lang='lat' dir='ltr'>peccata</span> <span class='ocrx_word' id='word_1_173' title='bbox 650 2544 747 2615; x_wconf 79' lang='lat' dir='ltr'>lepatc.</span> 
     </span>
    </p>
   </div>
   <div class='ocr_carea' id='block_1_9' title="bbox 90 2641 1107 3612">
    <p class='ocr_par' dir='ltr' id='par_1_10' title="bbox 90 2641 1107 3612">
     <span class='ocr_line' id='line_1_27' title="bbox 184 2641 1106 2726; baseline 0.002 -19"><span class='ocrx_word' id='word_1_174' title='bbox 184 2642 235 2707; x_wconf 88' lang='grc'>46.</span> <span class='ocrx_word' id='word_1_175' title='bbox 258 2641 298 2706; x_wconf 89' lang='lat' dir='ltr'><strong>D.</strong></span> <span class='ocrx_word' id='word_1_176' title='bbox 313 2641 365 2725; x_wconf 82' lang='lat'>32,</span> <span class='ocrx_word' id='word_1_177' title='bbox 380 2642 432 2724; x_wconf 89' lang='grc'>29,</span> <span class='ocrx_word' id='word_1_178' title='bbox 447 2643 474 2707; x_wconf 93' lang='grc'>2.</span> <span class='ocrx_word' id='word_1_179' title='bbox 499 2642 607 2707; x_wconf 86' lang='lat' dir='ltr'>Labeo</span> <span class='ocrx_word' id='word_1_180' title='bbox 627 2643 710 2707; x_wconf 92' lang='lat' dir='ltr'>libro</span> <span class='ocrx_word' id='word_1_181' title='bbox 731 2642 870 2708; x_wconf 89' lang='lat' dir='ltr'>secundo</span> <span class='ocrx_word' id='word_1_182' title='bbox 889 2645 1106 2726; x_wconf 88' lang='lat' dir='ltr'>posteriorum</span> 
     </span>
     <span class='ocr_line' id='line_1_28' title="bbox 96 2727 1106 2818; baseline 0.003 -24"><span class='ocrx_word' id='word_1_183' title='bbox 96 2753 114 2794; x_wconf 88' lang='lat' dir='ltr'>a</span> <span class='ocrx_word' id='word_1_184' title='bbox 138 2730 290 2795; x_wconf 75' lang='lat' dir='ltr'>Iauoleno</span> <span class='ocrx_word' id='word_1_185' title='bbox 315 2731 565 2814; x_wconf 90' lang='lat' dir='ltr'>epitomatorum</span> <span class='ocrx_word' id='word_1_186' title='bbox 588 2728 637 2817; x_wconf 91' lang='lat' dir='ltr'><strong>(P.</strong></span> <span class='ocrx_word' id='word_1_187' title='bbox 659 2727 747 2818; x_wconf 81' lang='grc'>171).</span> <span class='ocrx_word' id='word_1_188' title='bbox 786 2729 867 2796; x_wconf 83' lang='lat' dir='ltr'>Oum</span> <span class='ocrx_word' id='word_1_189' title='bbox 890 2733 937 2796; x_wconf 90' lang='lat' dir='ltr'>ita</span> <span class='ocrx_word' id='word_1_190' title='bbox 960 2732 1106 2817; x_wconf 79' lang='lat' dir='ltr'>legatum</span> 
     </span>
     <span class='ocr_line' id='line_1_29' title="bbox 96 2818 1107 2905; baseline 0.003 -22"><span class='ocrx_word' id='word_1_191' title='bbox 96 2824 191 2883; x_wconf 87' lang='lat' dir='ltr'>esset:</span> <span class='ocrx_word' id='word_1_192' title='bbox 216 2818 349 2902; x_wconf 65' lang='lat' dir='ltr'>‘quanta</span> <span class='ocrx_word' id='word_1_193' title='bbox 371 2821 508 2904; x_wconf 89' lang='lat' dir='ltr'>pecunia</span> <span class='ocrx_word' id='word_1_194' title='bbox 531 2841 569 2883; x_wconf 88' lang='lat' dir='ltr'>ex</span> <span class='ocrx_word' id='word_1_195' title='bbox 593 2820 771 2885; x_wconf 89' lang='lat' dir='ltr'>hereditate</span> <span class='ocrx_word' id='word_1_196' title='bbox 794 2819 873 2884; x_wconf 83' lang='lat' dir='ltr'>Titii</span> <span class='ocrx_word' id='word_1_197' title='bbox 897 2820 939 2884; x_wconf 89' lang='lat' dir='ltr'>ad</span> <span class='ocrx_word' id='word_1_198' title='bbox 962 2843 1014 2885; x_wconf 86' lang='lat' dir='ltr'>me</span> <span class='ocrx_word' id='word_1_199' title='bbox 1038 2844 1107 2905; x_wconf 86' lang='lat' dir='ltr'>per-</span> 
     </span>
     <span class='ocr_line' id='line_1_30' title="bbox 95 2908 1106 2993; baseline 0.001 -21"><span class='ocrx_word' id='word_1_200' title='bbox 95 2908 197 2992; x_wconf 85' lang='lat' dir='ltr'>venit,</span> <span class='ocrx_word' id='word_1_201' title='bbox 227 2912 354 2972; x_wconf 86' lang='lat' dir='ltr'>tantam</span> <span class='ocrx_word' id='word_1_202' title='bbox 387 2909 555 2991; x_wconf 87' lang='lat' dir='ltr'>pecuniam</span> <span class='ocrx_word' id='word_1_203' title='bbox 589 2908 682 2972; x_wconf 91' lang='lat' dir='ltr'>heres</span> <span class='ocrx_word' id='word_1_204' title='bbox 710 2931 799 2973; x_wconf 89' lang='lat' dir='ltr'>meus</span> <span class='ocrx_word' id='word_1_205' title='bbox 829 2908 920 2973; x_wconf 85' lang='lat' dir='ltr'>Seiae</span> <span class='ocrx_word' id='word_1_206' title='bbox 948 2908 1046 2993; x_wconf 87' lang='lat' dir='ltr'>dato&#39;,</span> <span class='ocrx_word' id='word_1_207' title='bbox 1075 2910 1106 2974; x_wconf 91' lang='lat' dir='ltr'>id</span> 
     </span>
     <span class='ocr_line' id='line_1_31' title="bbox 95 2996 1106 3084; baseline 0.003 -24"><span class='ocrx_word' id='word_1_208' title='bbox 95 2998 239 3084; x_wconf 82' lang='lat' dir='ltr'>legatum</span> <span class='ocrx_word' id='word_1_209' title='bbox 262 3000 356 3080; x_wconf 88' lang='lat' dir='ltr'>putat</span> <span class='ocrx_word' id='word_1_210' title='bbox 384 2996 508 3083; x_wconf 86' lang='lat' dir='ltr'>Labeo,</span> <span class='ocrx_word' id='word_1_211' title='bbox 535 2996 620 3081; x_wconf 90' lang='lat' dir='ltr'>quod</span> <span class='ocrx_word' id='word_1_212' title='bbox 647 3001 813 3081; x_wconf 88' lang='lat' dir='ltr'>acceptum</span> <span class='ocrx_word' id='word_1_213' title='bbox 836 2998 871 3060; x_wconf 90' lang='lat' dir='ltr'>in</span> <span class='ocrx_word' id='word_1_214' title='bbox 893 2997 1014 3062; x_wconf 87' lang='lat' dir='ltr'>tabulis</span> <span class='ocrx_word' id='word_1_215' title='bbox 1039 3001 1106 3063; x_wconf 88' lang='lat' dir='ltr'>suis</span> 
     </span>
     <span class='ocr_line' id='line_1_32' title="bbox 95 3086 1106 3171; baseline 0.001 -21"><span class='ocrx_word' id='word_1_216' title='bbox 95 3108 134 3150; x_wconf 85' lang='lat' dir='ltr'>ex</span> <span class='ocrx_word' id='word_1_217' title='bbox 168 3107 205 3149; x_wconf 88' lang='lat' dir='ltr'>ea</span> <span class='ocrx_word' id='word_1_218' title='bbox 237 3086 415 3150; x_wconf 86' lang='lat' dir='ltr'>hereditate</span> <span class='ocrx_word' id='word_1_219' title='bbox 443 3090 581 3150; x_wconf 88' lang='lat' dir='ltr'>testator</span> <span class='ocrx_word' id='word_1_220' title='bbox 608 3086 802 3151; x_wconf 89' lang='lat' dir='ltr'>rettulisset:</span> <span class='ocrx_word' id='word_1_221' title='bbox 835 3091 977 3151; x_wconf 81' lang='lat' dir='ltr'>ceterum</span> <span class='ocrx_word' id='word_1_222' title='bbox 1007 3091 1106 3171; x_wconf 85' lang='lat' dir='ltr'>negat</span> 
     </span>
     <span class='ocr_line' id='line_1_33' title="bbox 95 3173 1105 3259; baseline 0.001 -20"><span class='ocrx_word' id='word_1_223' title='bbox 95 3175 272 3240; x_wconf 86' lang='lat' dir='ltr'>cavendum</span> <span class='ocrx_word' id='word_1_224' title='bbox 295 3175 406 3238; x_wconf 87' lang='lat' dir='ltr'>heredi</span> <span class='ocrx_word' id='word_1_225' title='bbox 427 3196 446 3238; x_wconf 92' lang='lat' dir='ltr'>a</span> <span class='ocrx_word' id='word_1_226' title='bbox 464 3174 631 3258; x_wconf 83' lang='lat' dir='ltr'>legatario,</span> <span class='ocrx_word' id='word_1_227' title='bbox 655 3176 682 3239; x_wconf 92' lang='lat' dir='ltr'>si</span> <span class='ocrx_word' id='word_1_228' title='bbox 705 3174 780 3259; x_wconf 92' lang='lat' dir='ltr'>quid</span> <span class='ocrx_word' id='word_1_229' title='bbox 799 3173 882 3239; x_wconf 89' lang='lat' dir='ltr'>forte</span> <span class='ocrx_word' id='word_1_230' title='bbox 901 3179 1018 3259; x_wconf 87' lang='lat' dir='ltr'>postea</span> <span class='ocrx_word' id='word_1_231' title='bbox 1036 3176 1105 3240; x_wconf 90' lang='lat' dir='ltr'>eius</span> 
     </span>
     <span class='ocr_line' id='line_1_34' title="bbox 94 3263 1106 3348; baseline 0.002 -21"><span class='ocrx_word' id='word_1_232' title='bbox 94 3263 283 3328; x_wconf 87' lang='lat' dir='ltr'>hereditatis</span> <span class='ocrx_word' id='word_1_233' title='bbox 306 3263 437 3328; x_wconf 90' lang='lat' dir='ltr'>nomine</span> <span class='ocrx_word' id='word_1_234' title='bbox 460 3263 553 3326; x_wconf 86' lang='lat' dir='ltr'>heres</span> <span class='ocrx_word' id='word_1_235' title='bbox 578 3263 748 3327; x_wconf 88' lang='lat' dir='ltr'>damnatus</span> <span class='ocrx_word' id='word_1_236' title='bbox 773 3265 867 3327; x_wconf 88' lang='lat' dir='ltr'>esset.</span> <span class='ocrx_word' id='word_1_237' title='bbox 907 3284 967 3348; x_wconf 79' lang='lat' dir='ltr'>ego</span> <span class='ocrx_word' id='word_1_238' title='bbox 991 3268 1106 3329; x_wconf 88' lang='lat' dir='ltr'>contra</span> 
     </span>
     <span class='ocr_line' id='line_1_35' title="bbox 94 3351 1105 3437; baseline 0 -21"><span class='ocrx_word' id='word_1_239' title='bbox 94 3355 187 3436; x_wconf 89' lang='lat' dir='ltr'>puto,</span> <span class='ocrx_word' id='word_1_240' title='bbox 215 3353 378 3437; x_wconf 90' lang='lat' dir='ltr'>quianon</span> <span class='ocrx_word' id='word_1_241' title='bbox 402 3355 510 3435; x_wconf 90' lang='lat' dir='ltr'>potest</span> <span class='ocrx_word' id='word_1_242' title='bbox 535 3351 635 3415; x_wconf 82' lang='lat' dir='ltr'>rideri</span> <span class='ocrx_word' id='word_1_243' title='bbox 663 3352 847 3435; x_wconf 82' lang='lat' dir='ltr'>pervenisse</span> <span class='ocrx_word' id='word_1_244' title='bbox 876 3353 917 3416; x_wconf 91' lang='lat' dir='ltr'>ad</span> <span class='ocrx_word' id='word_1_245' title='bbox 945 3351 1105 3437; x_wconf 88' lang='lat' dir='ltr'>heredem,</span> 
     </span>
     <span class='ocr_line' id='line_1_36' title="bbox 95 3439 1105 3524; baseline 0.003 -21"><span class='ocrx_word' id='word_1_246' title='bbox 95 3440 181 3524; x_wconf 94' lang='lat' dir='ltr'>quod</span> <span class='ocrx_word' id='word_1_247' title='bbox 205 3444 273 3505; x_wconf 90' lang='lat' dir='ltr'>eius</span> <span class='ocrx_word' id='word_1_248' title='bbox 297 3440 485 3505; x_wconf 88' lang='lat' dir='ltr'>hereditatis</span> <span class='ocrx_word' id='word_1_249' title='bbox 504 3439 635 3504; x_wconf 90' lang='lat' dir='ltr'>nomine</span> <span class='ocrx_word' id='word_1_250' title='bbox 654 3445 877 3523; x_wconf 87' lang='lat' dir='ltr'>praestaturus</span> <span class='ocrx_word' id='word_1_251' title='bbox 897 3445 995 3506; x_wconf 87' lang='lat' dir='ltr'>esset:</span> <span class='ocrx_word' id='word_1_252' title='bbox 1019 3441 1105 3506; x_wconf 85' lang='lat' dir='ltr'>idem</span> 
     </span>
     <span class='ocr_line' id='line_1_37' title="bbox 90 3527 826 3612; baseline 0.003 -22"><span class='ocrx_word' id='word_1_253' title='bbox 90 3529 230 3592; x_wconf 80' lang='lat' dir='ltr'>Alfenus</span> <span class='ocrx_word' id='word_1_254' title='bbox 254 3528 361 3593; x_wconf 88' lang='lat' dir='ltr'>Varus</span> <span class='ocrx_word' id='word_1_255' title='bbox 386 3527 498 3593; x_wconf 83' lang='lat' dir='ltr'>Servio</span> <span class='ocrx_word' id='word_1_256' title='bbox 522 3530 681 3612; x_wconf 89' lang='lat' dir='ltr'>placuisse</span> <span class='ocrx_word' id='word_1_257' title='bbox 706 3530 826 3594; x_wconf 88' lang='lat' dir='ltr'>scribit.</span> 
     </span>
    </p>
   </div>
   <div class='ocr_carea' id='block_1_10' title="bbox 0 0 1216 3840">
    <p class='ocr_par' dir='ltr' id='par_1_11' title="bbox 0 0 1216 3840">
     <span class='ocr_line' id='line_1_38' title="bbox 0 0 1216 3840; baseline 0 2"><span class='ocrx_word' id='word_1_258' title='bbox 0 0 1216 3840; x_wconf 95' lang='lat' dir='ltr'> </span> 
     </span>
    </p>
   </div>
  </div>
 </body>
</html>
