2422 3840
273 186 298 236 ⁷.
321 180 354 246 Q.
372 179 507 238 MUCIUS
527 183 558 236 Ρ.
571 182 600 237 F.
615 181 644 239 P.
659 180 693 239 N.
709 181 899 237 SCAEVOLA
1050 182 1092 247 75

173 346 221 409 7⁸.
258 342 429 424 Gellins4,
450 347 477 425 1,
496 346 548 409 22.
594 344 698 430 Ligna
721 367 847 430 quoque
870 350 904 410 et
927 347 1092 432 virgaset

77 434 238 499 carbones
275 434 390 514 quibus
428 434 598 498 conficeret
584 439 638 498 tur
669 456 785 518 penus,
822 435 1013 519 quibusdam
1047 438 1094 500 ait

78 521 260 624 (Masurius
292 520 478 586 Sabinus
470 545 503 585 111
540 524 620 587 iuris
655 521 758 587 civilis
791 520 959 609 secundo),
990 525 1093 590 videri

77 632 152 676 esse
175 611 209 675 in
230 632 324 695 penu.

173 696 221 763 lb.
245 697 283 762 D.
298 699 350 780 33,
364 699 395 780 9,
409 699 439 781 3,
453 700 484 764 9.
511 698 669 782 Ulpianus
685 699 814 764 libro
785 701 938 765 vicesimo
953 703 1091 768 secundo

80 789 123 852 ad
147 785 301 852 Sabinum
326 785 376 874 (P.
396 787 507 874 2641).
555 788 658 873 Ligna
686 795 719 852 et
742 790 898 853 carbones
922 794 1091 875 ceteraque

79 898 141 961 per
168 897 250 959 quae
277 898 379 960 penus
402 878 626 955 conficeretur,
654 899 696 940 an
719 879 832 960 penori
856 878 966 958 legato
989 881 1090 944 conti·

80 969 230 1047 neantur,
249 967 424 1048 quaeritur.
457 971 489 1029 22
509 965 647 1041 Quintus
668 965 794 1031 Mucius
813 972 846 1030 et
863 966 977 1033 Ofilius
995 990 1092 1051 nega·

79 1061 213 1119 verunt:
236 1075 302 1118 non
321 1055 433 1136 magis,
454 1075 549 1137 quam
570 1056 683 1136 molae,
700 1056 858 1138 inquiunt,
877 1060 1092 1122 continentur.

172 1142 219 1207 8⁰.
252 1140 511 1226 G011.4,1,20.
562 1142 610 1206 De
643 1165 728 1225 penu
757 1144 1001 1210 adscribendum
1030 1145 1091 1212 hoo

79 1232 181 1296 etiem
200 1231 322 1317 putavi.
361 1229 507 1296 Servium
528 1229 706 1313 Sulpicium
725 1233 758 1297 iu
778 1233 980 1316 reprehensis
1000 1232 1090 1299 Scae·

78 1320 174 1385 volae
202 1320 362 1402 capitibus
390 1321 572 1403 scripsisse,
601 1318 683 1385 (lato
707 1321 802 1385 Aelio
824 1321 998 1408 placuisse,
1026 1345 1092 1388 non

78 1430 164 1493 quae
192 1409 260 1472 esui
288 1411 321 1471 22
347 1408 440 1492 potui
466 1408 586 1490 forent,
616 1409 671 1473 sed
700 1416 752 1472 tus
777 1432 903 1494 quoque
927 1416 960 1476 22
982 1434 1091 1477 222222

78 1499 115 1561 22
148 1518 232 1580 penu
264 1517 347 1579 esse,
380 1497 465 1581 quod
499 1502 584 1561 esset
617 1498 684 1563 eius
712 1497 855 1565 familiae
883 1521 980 1565 22222
1008 1523 1092 1565 com·

77 1589 240 1672 paratum.
317 1583 319 1586 ⁴

171 1672 221 1739 8¹’.
253 1672 290 1737 D.
312 1674 364 1756 33,
383 1675 413 1756 9,
431 1675 461 1754 3,
480 1674 510 1738 9.
560 1673 720 1756 Ulpianus
748 1676 831 1740 libro
858 1677 1014 1742 vicesimo
1043 1700 1091 1742 se-

79 1762 186 1830 cundo
211 1762 253 1827 ad
275 1761 430 1827 Sabinum
451 1759 501 1849 (P.
521 1765 630 1847 2641).
654 1813 683 1828 ..
703 1770 735 1827 22
755 1763 892 1839 Quintus
911 1765 1035 1830 Mucius
1059 1772 1092 1831 22

79 1850 199 1918 Ofilius
223 1858 422 1936 negaverunt
521 1852 605 1915 idem
630 1857 739 1917 22222
764 1859 796 1916 22
818 1875 907 1917 22222
931 1854 1092 1920 contineri

76 1948 289 2025 negaverunt.

170 2029 213 2093 9?
237 2028 275 2093 D.
291 2029 343 2110 33,
357 2029 387 2109 9,
401 2030 431 2105 3,
447 2030 474 2093 7.
507 2027 666 2112 Ulpianus
686 2029 768 2091 libro
784 2029 1090 2096 vicesimosecundo

47 2128 50 2133 '
78 2118 121 2183 ad
151 2115 306 2182 Sabinum
334 2114 382 2204 (P.
401 2117 512 2201 2641).
560 2114 663 2181 Simili
692 2117 786 2181 modo
815 2124 847 2180 et
875 2119 1089 2183 iumentorum

77 2206 204 2273 cibaria
222 2207 319 2289 penui
338 2209 553 2288 continentur,
572 2205 626 2269 sed
647 2228 757 2270 eorum
776 2207 989 2270 iumentorum
1009 2229 1090 2290 quae

76 2296 194 2360 usibus
217 2295 319 2378 ipsius
343 2299 376 2358 et
400 2295 576 2359 amicorum
600 2295 797 2360 deserviunt:
820 2302 961 2360 ceterum
980 2298 1008 2359 si
1027 2318 1091 2379 qua

77 2387 227 2448 iumenta
250 2385 337 2468 agris
361 2383 585 2448 deserviebant
605 2384 656 2448 vel
675 2385 873 2466 locabantur,
896 2384 1004 2469 legato
1024 2407 1091 2450 non

77 2473 192 2537 cedere
215 2472 338 2536 cibaria
361 2494 479 2536 eorum.

172 2592 224 2662 ,Ι2
248 2593 314 2650 dem
333 2591 421 2650 Infini
423 2592 467 2651 tiv
423 2587 603 2668 t‘legato
626 2612 685 2653 non
708 2587 858 2651 cedere’t
847 2595 915 2652 tttri
933 2595 1090 2654 hiernach

77 2682 135 2741 das
163 2679 211 2739 22
199 2687 245 2740 22
275 2681 458 2757 hervo13es
492 2683 565 2739 wird
592 2682 672 2741 wohl
699 2682 748 2740 ein
776 2683 842 2739 dem
872 2681 1000 2797 Sabinus
1028 2686 1090 2742 ent·

76 2788 251 2828 nommenes
279 2767 362 2828 cisat
389 2789 443 2828 aus
470 2770 585 2828 Mucius
614 2790 651 2829 zu
677 2772 787 2830 22222ιῆ
789 2791 835 2829 on
864 2769 953 2830 sein‘.
998 2771 1091 2831 Lenel

77 2858 322 2934 Sabinussystem
346 2879 374 2934 p
394 2861 482 2918 4911.
503 2861 532 2916 2

172 2977 221 3042 10.
256 2977 336 3040 Ρ222.
358 2976 389 3040 h.
412 2999 443 3040 n.
468 2978 598 3061 14,13,
621 2979 668 3043 15.
704 3015 741 3024 -
776 2976 974 3043 Lautissima
1005 2979 1090 3062 apud

77 3068 204 3152 priscos
232 3067 308 3130 vina
336 3073 429 3129 erant
457 3088 583 3130 murrae
608 3067 705 3131 odore
729 3067 871 3150 condita,
900 3073 936 3130 22
956 3074 1091 3150 apparet

75 3161 113 3220 22
132 3155 241 3220 Plauti
263 3153 373 3219 fabula
396 3176 477 3239 quae
496 3155 597 3219 Persa
619 3155 815 3236 inscribitur,
838 3176 1033 3239 quamquam
1056 3157 1090 3220 in

78 3267 117 3309 ea
151 3249 183 3307 et
216 3244 373 3308 calamum
407 3243 480 3307 addi
512 3244 609 3307 iubet.
659 3243 732 3307 ideo
763 3244 892 3326 quidam
921 3245 1091 3309 aromatite

79 3334 256 3398 delectatos
281 3334 419 3396 maxime
443 3333 585 3414 credunt,
609 3331 665 3395 sed
687 3331 808 3396 Fabius
829 3331 1015 3397 Dossennus
1038 3332 1090 3398 his

80 3422 229 3487 versibus
253 3422 415 3484 decernet:

215 3533 399 3600 ‘Mittebanr
426 3537 533 3602 vinum
560 3535 751 3626 pulchrum,
773 3534 968 3604 murrinani'
