2422 3840
400 192 424 243 ³1.
446 186 584 243 SEXTUS
605 187 772 243 PAPIRIUS
1033 191 1093 255 l35

81 349 255 434 χρημάτων
273 350 354 414 κατὰ
372 352 450 427 τοὺς
467 353 601 433 νόμους,
620 350 733 434 μηκέτι
751 354 811 435 τὴν
832 353 986 430 ἐξουσίαν
1003 350 1089 420 εἶναι

82 447 122 526 τῷ
145 435 246 523 πατρὶ
269 443 393 503 πωλεῖν
415 441 474 504 τὸν
496 440 579 505 viba.

165 557 211 619 Of.
230 559 327 636 ignoti
345 560 436 631 illins,
460 560 511 637 qni
530 560 727 635 Papinianum
746 562 899 620 consuluit
919 557 1039 641 (collat.
1060 568 1089 642 4,

82 651 149 724 s,1.
182 647 365 723 Papinianus
385 649 461 708 libro
476 649 621 726 singulari
638 649 673 707 de
687 649 835 709 adulterio
852 650 882 710 P.
900 643 965 732 23),
985 652 1089 713 verba:

82 731 161 796 'eum
194 737 276 812 patri
307 738 355 811 lex
387 737 471 815 regia
503 737 619 800 dederit
650 738 680 797 in
712 738 805 797 filiam
838 741 919 799 ritae
949 742 1089 818 necisque

81 829 273 902 potestatem,
297 826 376 903 quod
400 827 510 885 bonum
533 827 593 885 fuit
615 819 704 887 ...1'

165 944 196 1009 5.
224 943 309 1008 Fest
332 945 407 1009 220.
433 980 470 991 -
496 944 628 1009 Plorare
655 945 731 1009 flere
759 969 844 1010 nunc
870 948 1032 1032 significat
1055 954 1088 1013 et

81 1055 149 1098 cum
175 1033 420 1118 praepositione
445 1034 620 1117 inplorare,
648 1035 811 1116 invocare,
841 1042 875 1099 at
898 1037 983 1120 apud
996 1039 1089 1102 ‚anti-

79 1144 157 1206 quos
179 1123 278 1207 plane
301 1121 485 1186 inclamare.
526 1124 560 1185 in
584 1124 669 1207 regis
693 1122 823 1188 Romuli
847 1131 880 1188 et
899 1125 987 1189 Tatii
1010 1127 1088 1209 legi-

81 1211 137 1275 bus
169 1210 249 1276 haec
282 1213 345 1274 est:
378 1207 422 1274 ‘si
453 1217 621 1295 parentem
654 1234 733 1295 puer
761 1215 915 1296 verberit,
947 1220 998 1279 ast
1026 1217 1087 1279 elle

81 1299 233 1383 plorassit
256 1321 387 1382 parens,
412 1322 492 1383 puer
516 1299 596 1364 divis
620 1305 790 1383 parentum
816 1323 905 1368 sacer
929 1302 1041 1368 cstod’.

165 1418 337 1480 Secundum
367 1420 543 1479 Mommseni
575 1421 734 1480 lectionem
764 1423 796 1481 in
829 1424 950 1484 Brunsii
982 1425 1089 1486 fontib.

81 1529 107 1584 p.
125 1510 143 1568 8
167 1509 361 1585 propositam.

427 1624 479 1695 [De
498 1625 553 1679 ritu
573 1627 737 1698 sacrorum]

165 1739 288 1799 Servius
310 1740 348 1798 ad
365 1739 458 1816 Verg.
475 1738 550 1798 Aen.
573 1743 623 1816 12,
638 1743 710 1802 836.
733 1743 873 1819 —quod
896 1745 940 1803 ait
964 1739 1087 1803 ‘morem
1117 1817 1119 1821 Ι

80 1829 212 1904 ritusque
245 1822 409 1887 sacrorum’
441 1829 506 1904 ipse
540 1829 631 1888 titulo
660 1831 735 1905 legis
763 1832 903 1907 Papiriae
931 1851 1003 1892 usus
1032 1837 1087 1899 est,

79 1936 162 1993 quam
188 1915 302 1976 sciebat
326 1916 361 1975 de
384 1917 448 1975 ritu
471 1936 624 1977 sacrorum
648 1919 842 1993 publicatam.

163 2037 193 2100 6.
228 2035 389 2100 Plutarch.
412 2034 519 2100 Numa
545 2038 595 2101 14.
622 2073 664 2082 —
692 2037 736 2119 μὴ
760 2035 915 2102 σπένδειν
937 2044 1030 2114 θεοῖς
1053 2038 1086 2117 ἐξ

79 2121 231 2208 ἀμπέλων
254 2123 406 2207 ἀτμήτων
429 2121 511 2208 μηδὲ
534 2127 634 2189 θύειν
656 2127 732 2210 ἄτερ
756 2125 911 2209 ἀλφίτων.

163 2215 194 2278 7.
218 2212 340 2277 Plinius
364 2235 393 2276 n.
416 2214 446 2277 h.
473 2216 527 2295 14,
553 2214 607 2296 12,
631 2215 681 2279 88.
709 2251 746 2261 -
773 2238 810 2279 ex
836 2217 998 2298 imputata
1019 2215 1084 2279 vite

78 2302 168 2367 libari
192 2303 268 2366 rina
291 2303 352 2366 diis
375 2302 466 2366 nefas
490 2305 607 2367 statuit
631 2300 776 2390 (Numa).

163 2392 193 2456 8.
218 2388 350 2454 Cassius
366 2391 505 2455 Hemina
523 2393 608 2473 apud
624 2392 764 2457 Plinium
784 2415 814 2456 n.
829 2393 859 2457 h.
874 2394 926 2476 32,
936 2395 965 2477 2,
976 2394 1027 2459 20.
1046 2430 1081 2440 -

78 2477 182 2545 Numa
205 2479 388 2557 constituit,
416 2485 451 2542 ut
474 2481 591 2563 pisces,
615 2483 670 2566 qui
694 2483 856 2565 squamosi
880 2504 944 2546 non
969 2487 1087 2564 essent,

78 2570 109 2633 ni
130 2569 340 2653 pollucerent.

162 2658 211 2722 9⁸.
235 2655 321 2720 Fest.
339 2678 371 2739 p.
386 2657 458 2721 222.
478 2694 520 2703 -
541 2659 665 2741 antiqui
689 2659 816 2741 proprie
840 2681 911 2723 eam
930 2661 1084 2742 paelicem

77 2746 294 2828 nominabant,
320 2767 402 2829 quae
419 2768 549 2810 uxerem
568 2747 703 2810 habenti
722 2749 872 2812 nubebat.
905 2751 956 2813 cui
975 2751 1085 2833 generi

76 2835 245 2899 mulierum
265 2834 363 2897 etiam
381 2856 487 2918 poena
506 2837 681 2900 constituta
701 2842 751 2899 est
769 2835 910 2901 aNuma
925 2838 1082 2923 Pompilio

76 2922 132 2989 hac
156 2924 242 3008 lege:
271 2922 395 3007 ‘paelex
420 2945 506 2987 aram
531 2923 893 3011 lunonisnetangi103
921 2925 948 2989 si
971 2932 1084 3011 tangat

76 3011 189 3079 Iunoni
214 3011 356 3076 crinibus
380 3011 527 3076 demissis
552 3033 670 3096 agnum
694 3014 847 3078 feminam
872 3013 1016 3079 caedito?

161 3098 212 3167 9¹³.
236 3099 449 3181 Gell.4,3,3.
473 3136 510 3147 -
603 3102 662 3166 hac
687 3103 914 3185 antiquissima
932 3104 1004 3185 lege
1024 3151 1084 3183 ...,

76 3211 169 3274 quam
202 3187 329 3253 Numae
360 3188 447 3274 regis
480 3189 578 3253 fuisse
611 3190 805 3272 accepimus:
839 3189 962 3273 ‘paelex
994 3213 1083 3255 aram

75 3277 207 3345 Iunonis
232 3299 272 3342 ne
295 3277 435 3362 tangit03
460 3278 487 3341 si
505 3278 613 3362 tangit
636 3277 753 3342 Iunoni
772 3278 914 3342 crinibus
934 3279 1083 3343 demissis

76 3389 191 3452 agnum
215 3366 370 3431 feminam
393 3365 538 3431 caedito’.

162 3457 214 3522 10.
247 3453 376 3519 Servius
400 3456 433 3519 in
457 3455 596 3540 Vergilii
619 3456 677 3519 ecl.
700 3456 735 3536 4,
753 3454 806 3517 43.
832 3488 870 3502 -
895 3453 929 3518 in
957 3455 1083 3523 Numae

77 3542 200 3630 legibus
229 3548 359 3609 cantum
388 3549 449 3628 est,
480 3549 515 3608 ut
544 3545 571 3608 si
600 3545 673 3632 quis
700 3541 893 3634 imprubens
920 3545 1100 3612 occ'rmssst

1173 3728 1184 3799 1
