2422 3840
98 159 163 224 202
200 158 248 214 VI.
270 157 405 213 OCTAVI
424 156 522 213 SAEC.
541 157 638 212 IURIS
657 157 831 214 consoni.
846 157 973 215 SERIES
991 159 1109 215 PRIMA

99 321 218 387 locavit
240 326 273 385 et
296 322 394 386 boves
418 322 446 384 ei
470 320 609 385 dederat.
650 344 722 386 cum
742 321 777 387 hi
795 322 895 387 boves
913 345 981 388 non
999 328 1110 388 essent

98 410 214 492 idonei,
237 411 375 474 iusserat
402 431 457 474 eos
481 410 588 473 venire
614 413 647 473 et
668 409 720 474 his
742 411 883 476 nummis
907 414 963 496 qui
986 412 1110 497 recepti

99 502 207 564 essent
230 499 311 564 alios
339 499 490 582 reparari.
537 520 648 563 servus
676 500 774 564 boves
797 499 997 582 vendiderat,
1026 501 1108 566 alios

98 587 286 671 redemerat,
304 609 454 652 nummos
472 587 631 652 venditori
649 609 715 652 non
734 588 883 671 solverat,
902 593 1019 672 postea
1034 611 1109 654 con·

97 677 292 741 turbaverat.
338 677 392 759 qui
414 677 514 742 boves
537 675 738 760 vendiderat,
762 698 910 741 nummos
933 699 953 741 a
976 678 1108 744 domino

98 767 231 850 petebat
258 765 384 830 actione
412 764 450 828 de
478 764 603 849 peculio
632 767 689 829 aut
716 765 800 848 quod
827 765 863 829 in
889 786 957 831 rem
985 766 1107 832 domini

99 875 228 918 versum
247 858 341 937 esset,
364 875 437 918 cum
454 853 554 918 boves
573 874 632 937 pro
652 853 769 936 quibus
787 855 924 938 pecunia
942 859 1109 938 peteretur

98 964 196 1025 penes
224 941 389 1007 dominum
418 949 535 1007 essent
580 943 747 1025 respondit
773 964 841 1008 non
864 942 966 1008 videri
990 946 1107 1027 peculii

99 1031 270 1115 quicquam
294 1032 392 1112 esse[,
415 1031 480 1094 nisi
504 1031 531 1094 si
555 1030 632 1115 quid
655 1030 791 1096 deducto
815 1053 862 1114 ec,
885 1032 972 1116 quod
996 1054 1107 1098 servus

98 1119 229 1183 domino
258 1119 435 1202 debuisset,
463 1119 621 1203 reliquum
650 1119 765 1202 fieret].
810 1120 890 1185 illud
918 1120 988 1185 sibi·
1005 1121 1107 1186 videri

98 1209 196 1273 boves
220 1208 348 1293 quidem
371 1209 405 1272 in
428 1230 497 1272 rem
520 1207 642 1272 domini
665 1230 775 1274 versos
798 1230 882 1294 esse,
905 1209 961 1273 sed
986 1232 1046 1293 pro
1070 1233 1107 1274 ea

98 1319 131 1361 re
155 1296 290 1362 solvisse
313 1302 451 1380 tantum,
475 1297 588 1381 quanti
610 1296 734 1379 priores
758 1298 856 1362 boves
874 1298 1056 1362 venissent:
1080 1299 1106 1363 si

97 1407 161 1470 quo
185 1385 351 1468 amplioris
375 1386 529 1469 pecuniae
551 1385 746 1468 posteriores
770 1386 869 1451 boves
893 1390 1014 1470 essent,
1039 1387 1104 1452 eius

97 1478 245 1555 oportere
269 1473 433 1537 dominum
458 1473 671 1538 condemnari.

186 1562 258 1626 113.
297 1561 336 1625 D.
362 1562 417 1644 19,
435 1564 470 1644 2,
493 1561 550 1644 35,
571 1564 599 1626 1.
656 1561 828 1627 Africanus
866 1562 950 1628 libro
990 1569 1103 1629 octavo

98 1650 330 1726 Quaestionum
363 1648 417 1732 (P.
448 1647 558 1738 roob).
613 1648 695 1716 Oum
728 1650 863 1715 fundum
899 1674 1102 1718 communem

97 1739 269 1803 habuimus
289 1743 321 1802 et
339 1740 424 1803 inter
443 1761 503 1803 nos
523 1740 680 1820 convenit,
699 1743 737 1803 ut
755 1740 887 1804 alternis
906 1741 1001 1806 annis
1018 1746 1103 1807 certo

97 1827 200 1910 pretio
220 1850 294 1892 eum
308 1828 501 1893 conductum
515 1828 717 1912 haberemus,
741 1832 786 1910 tu,
809 1851 882 1894 cum
905 1832 981 1894 tuus
1002 1852 1102 1895 annus

97 1919 241 1981 exiturus
265 1920 358 1999 esset,
381 1918 527 1981 consulto
552 1917 693 1981 fructum
715 1917 912 2000 insequentis
937 1919 1016 1983 anni
1039 1941 1104 1984 cor·

96 2006 301 2088 rupisti...
329 2027 425 2089 agam
458 2010 562 2070 tecum
594 2005 718 2070 duabus
747 2006 942 2089 actionibus,
973 2029 1040 2072 una
1067 2029 1103 2071 ex

96 2094 266 2174 conducto,
297 2096 398 2159 altera
427 2116 464 2158 ex
492 2095 613 2160 locato:
645 2095 744 2159 locati
773 2094 858 2158 enim
886 2095 1007 2161 iudicio
1035 2117 1102 2160 mea

95 2205 170 2266 pars
203 2183 349 2268 propria,
381 2181 531 2248 conducti
559 2188 667 2247 autem
696 2183 823 2247 actione
850 2187 908 2247 tua
937 2183 1103 2248 dumtaxat

96 2273 227 2355 propria
250 2272 284 2336 in
307 2271 461 2335 iudicium
484 2273 583 2336 venit.
620 2271 733 2335 deinde
752 2272 799 2335 ita
816 2275 910 2337 notat
929 2269 988 2358 (sc.
1007 2273 1102 2337 Iulia·

95 2357 185 2446 nus):
292 2364 379 2424 recte
403 2359 532 2444 quidem
555 2363 655 2440 notat,
679 2360 735 2423 sed
758 2364 867 2424 tamen
891 2360 990 2425 etiam
1013 2360 1102 2426 Servi

96 2450 290 2512 sententiam
315 2469 423 2514 veram
448 2469 516 2512 esse
540 2452 619 2531 puto
644 2450 730 2528 [cum
750 2469 787 2513 eo
807 2449 938 2533 scilicet,
961 2454 1007 2534 ut,
1031 2472 1102 2515 oum

96 2537 253 2600 alterutra
281 2537 406 2601 actione
434 2558 502 2600 rem
532 2537 738 2616 servaverim,
767 2537 871 2601 altera
895 2540 1103 2622 perematur].

183 2629 309 2688 Initium
331 2631 493 2706 fragmenti
512 2630 609 2692 Servii
632 2649 696 2690 esse
721 2649 756 2690 ex
778 2630 878 2695 verbis
898 2631 930 2690 in
948 2631 1008 2692 fine
1027 2633 1103 2708 posi-

96 2718 135 2776 tis
162 2718 220 2777 viri
247 2718 327 2777 docti
355 2719 543 2779 concludunt.
590 2719 726 2797 Krueger
750 2741 778 2796 p.
799 2721 862 2779 178
885 2738 912 2779 n.
934 2723 985 2780 26.
1032 2721 1104 2780 Kar·

95 2807 173 2866 lovva
194 2807 223 2882 1,
244 2808 315 2867 714,
350 2807 442 2866 Lenel
465 2809 503 2867 ad
525 2808 554 2868 h.
573 2807 593 2868 l.
617 2799 663 2889 (P.
684 2803 762 2887 29⁰).
808 2808 976 2886 quaeritur,
999 2811 1104 2869 utrum

97 2895 193 2953 Servii
228 2914 405 2971 responsum
440 2896 603 2956 habeamus
645 2897 682 2955 ab
725 2896 861 2956 auditore
898 2897 1030 2957 relatum
1066 2917 1104 2958 an

96 2982 192 3042 Servii
215 2985 394 3044 sententiam
417 2986 454 3044 ab
474 2985 538 3061 ipso
557 2987 588 3044 in
607 2985 692 3044 libris
712 2985 775 3046 suis
793 2986 951 3062 prolatam.
986 2990 1103 3047 utrum-

95 3091 152 3148 que
180 3092 239 3133 non
265 3073 372 3149 placet.
417 3092 488 3133 nam
514 3092 610 3151 neque
639 3076 686 3132 est
712 3074 869 3152 quisquam
897 3070 950 3152 qui
979 3076 1015 3136 de
1039 3077 1104 3136 iure

95 3162 252 3221 consulens
286 3182 349 3222 rem
380 3166 527 3239 proponat
558 3181 654 3239 neque
687 3163 762 3221 iuris
794 3163 949 3223 consultus
981 3183 1103 3241 respon-

95 3268 161 3309 sum
184 3252 245 3328 dat,
269 3252 320 3310 sed
343 3250 422 3309 idem
445 3252 546 3327 potius
571 3255 601 3310 et
623 3269 726 3309 casum
744 3251 831 3310 finxit
849 3254 880 3310 et
898 3271 962 3311 rem
981 3253 1103 3314 decidit:

95 3332 131 3397 ³..
151 3343 190 3397 tu
210 3340 420 3414 ..corrupisti
462 3359 562 3416 agam
585 3343 683 3398 tecum
707 3335 750 3399 ..'
772 3340 848 3398 talia
870 3359 941 3400 voro
966 3341 1103 3402 Servium

94 3446 154 3486 non
181 3427 289 3487 dixisse
316 3428 405 3487 facile
430 3430 567 3503 apparet:
594 3446 655 3487 non
677 3428 751 3487 iuris
775 3429 904 3487 consulti
928 3430 981 3489 sed
1002 3432 1102 3507 potius

90 3517 295 3590 praeceptoris
327 3518 419 3577 verba
451 3519 529 3576 sunt.
580 3516 714 3576 eiusdem
746 3517 864 3595 generis
896 3519 994 3579 multa
1024 3520 1104 3596 apud
