2422 3840
100 177 165 240 134
206 176 253 230 VI.
275 175 408 230 OCTAVI
428 174 527 257 effic,
546 175 641 229 IURlS
662 173 834 229 CONSULT.
854 171 978 226 semes
997 172 1079 226 PRIM

99 363 208 421 eupare
236 364 296 404 non
323 344 485 404 dubitavit.
531 342 653 403 Servius
680 342 734 400 ubi
761 343 780 400 l.
802 343 821 400 1.
849 341 886 400 de
909 335 1011 400 ‘titulo
1036 341 1079 417 leg

98 427 248 511 Papiriae’
271 434 413 511 loquitur,
437 451 514 510 quae
538 427 585 491 ‘de
609 432 672 490 ritu
696 423 860 490 sacrorum'
883 429 1041 505 publicata
1065 449 1078 488 s

98 541 159 582 non
181 523 306 600 librum,
330 521 383 581 sed
405 525 497 599 eaput
520 520 584 579 eius
608 520 755 597 designat.

491 690 547 761 [De
565 689 711 759 τρικυμία]

187 796 228 857 1⁸.
261 791 396 874 Dionys.
420 791 450 872 3,
471 792 522 856 74.
548 826 587 836 —
612 789 632 872 ἡ
661 786 737 870 περὶ
763 792 840 864 τοὺς
863 789 1023 872 ὁρισμοὺς
1045 800 1079 852 το·

99 884 247 964 κτήσεων
273 883 464 963 νομοθεσία.
516 879 673 954 κελεύσας
701 926 735 942 ..
763 875 886 963 ἑκάστῳ
909 877 1079 960 περιγράψ,

98 971 160 1053 τὴν
188 966 307 1034 ἑαυτοῦ
334 977 450 1051 κτῆσιν
478 966 532 1032 καὶ
562 976 677 1050 στῆσαι
700 970 819 1042 λίθους
842 963 895 1030 ε’πλ
917 977 988 1042 τοῖς
1011 967 1079 1049 ὅροι

100 1059 209 1143 ἱεροὺς
231 1056 401 1134 ἀπέδειξεν
425 1057 520 1140 ὁρίου
540 1058 624 1132 Διὸς
646 1058 723 1132 τοὺς
745 1059 934 1130 λίθους...
954 1057 985 1118 εί
1007 1054 1079 1119 θέε

97 1145 293 1230 ἀφανίσειεν
311 1145 332 1228 ἣ
351 1149 508 1230 μεταθείη
528 1148 607 1221 τοὺς
625 1144 735 1229 ὅρους,
757 1145 847 1228 ἱερὸν
867 1142 1079 1226 ἐνομοθέτησι

96 1232 185 1301 εἶναι
208 1243 268 1300 τοῦ
290 1240 375 1300 θεοῦ
397 1236 457 1299 τὸν
479 1235 606 1299 τούτων
629 1258 661 1297 τι
685 1233 959 1317 διαπραξάμενον.

188 1325 230 1389 Ρ).
256 1324 339 1388 Fest.
359 1346 388 1406 p.
404 1324 479 1388 368.
494 1359 535 1369 -—
550 1321 701 1387 Termino
722 1344 814 1387 saera
833 1322 1005 1399 faciebant,
1026 1344 1079 1406 qu<

96 1414 132 1477 in
159 1413 227 1477 eius
255 1411 359 1476 tutela
382 1412 463 1476 fines
487 1431 639 1496 agrorum
664 1433 734 1475 esse
757 1411 925 1495 putabant.
972 1410 1079 1495 deniq1

96 1499 206 1566 Numa
224 1500 404 1585 Pompilius
426 1502 551 1584 statuit,
575 1522 648 1564 eum
668 1500 722 1584 qui
741 1500 916 1573 terminum
935 1520 1079 1563 exarasse

96 1594 129 1654 et
152 1591 258 1674 ipsum
281 1592 314 1654 et
337 1589 436 1654 boves
461 1610 569 1654 saeros
593 1609 672 1654 esse.

364 1764 421 1835 [De
434 1765 528 1833 patris
545 1765 671 1830 familias
686 1763 838 1832 potestate]

184 1874 213 1939 2.
239 1873 373 1958 Dionys,
391 1873 421 1951 2,
437 1873 488 1938 25.
514 1870 608 1934 -Ὁ
632 1868 670 1936 δὲ
688 1869 852 1953 Ῥωμύλος
875 1919 904 1934 ..
927 1869 986 1935 ἕνα
1006 1895 1079 1935 ..w

98 1985 162 2047 μον
186 1962 523 2047 ..καταστησάμενος
551 1964 598 2038 είς
625 1960 848 2044 σωφροσύνην
872 2009 901 2023 ..
925 1961 1026 2042 ἤγαγε
1055 1984 1079 2023 τι

97 2063 265 2135 γυναῖκας.
311 2047 353 2135 ἦν
382 2048 418 2116 δὲ
446 2053 576 2116 τοιόσδε
605 2049 622 2114 ὁ
651 2052 765 2132 νόμος·
796 2060 938 2130 γυναῖκα
965 2051 1079 2131 μαμετι

96 2143 158 2225 τὴν
183 2143 263 2206 κατὰ
287 2141 413 2224 γάμους
437 2141 545 2222 ἱεροὺς
568 2145 801 2203 συνελθοῦσαν
825 2135 922 2221 ἀνδρὶ
945 2141 1079 2202 κοινωνι

97 2228 252 2296 ἁπάντων
275 2225 361 2294 εἶναι
384 2228 560 2312 χρημάτων
581 2250 616 2290 τε
640 2225 694 2291 καὶ
719 2228 826 2310 ἱερῶν.

184 2349 228 2409 Of.
253 2350 288 2407 D.
308 2352 359 2426 23,
379 2350 409 2423 2,
428 2350 456 2407 1.
496 2347 681 2406 Modestinus
706 2347 784 2408 libro
806 2347 903 2424 primo
922 2346 1078 2424 Regulam

96 2430 142 2518 (P.
159 2434 246 2515 180).
278 2436 409 2512 Nuptiae
429 2438 499 2494 sunt
515 2436 683 2496 coniunctio
698 2436 791 2495 maris
806 2437 838 2495 et
851 2435 980 2494 feminae
995 2438 1027 2495 et
1041 2455 1079 2495 eo:

96 2527 223 2586 sorssium
246 2526 342 2584 omnis
365 2524 452 2599 vitae,
475 2523 569 2584 divini
587 2528 618 2584 et
635 2525 760 2584 humani
777 2524 852 2583 iuris
871 2524 1079 2583 communicati

184 2644 214 2709 3.
247 2642 409 2707 Plutarch.
434 2641 528 2708 Rom.
551 2644 603 2706 22.
634 2640 819 2725 -Ἔθηκε
847 2639 884 2708 δὲ
907 2640 962 2706 καὶ
984 2646 1079 2726 νόμοι

95 2734 189 2808 τινὰς
216 2729 249 2818 (ὁ
268 2728 462 2818 Ῥωμύλος),
490 2725 538 2796 ὧν
566 2733 714 2815 σφοδρὸς
737 2731 798 2813 μίν
822 2731 911 2796 ἐστιν
934 2732 952 2797 ὁ
977 2756 1079 2812 γυναι

97 2822 141 2904 μὴ
170 2822 285 2896 θιὸοὺς
312 2820 503 2885 ἀπολείπειν
531 2822 654 2906 ἀνδρα,
681 2831 822 2901 γυναῖκα
850 2816 888 2885 θλ
916 2821 1032 2896 θιθοὺς
1060 2820 1079 2885 ἀ

96 2910 233 2993 βάλλειν
256 2907 309 2974 ἐπὶ
331 2913 518 2995 φαρμακείᾳ
539 2908 665 2975 τέκνων
688 2908 708 2992 ἢ
727 2913 867 2974 κλειδῶν
886 2908 1035 2992 ὑποβολῇ
1055 2933 1079 2973 κι

96 3006 345 3084 μοιχευθεῖσαν·
369 3001 400 3064 εί
418 2995 448 3063 θ’
467 3000 574 3075 ἄλλως
592 3022 640 3074 τις
659 2997 897 3081 ἀποπέμψαιτο,
916 3006 973 3080 τῆς
992 2998 1079 3063 οὐσίι

96 3087 199 3153 αὐτοῦ
222 3091 258 3154 τὸ
281 3085 342 3172 μὲν
365 3098 422 3171 τῆς
444 3090 602 3170 γυναικὸς
624 3082 720 3168 εἶναι,
743 3089 780 3151 τό
800 3088 836 3150 ὃε
855 3096 911 3169 τῆς
929 3089 1079 3170 Δήμητρι

97 3178 187 3262 ἱερὸν
218 3179 376 3242 κελεύων·
408 3178 468 3242 τὸν
496 3174 527 3240 θ’
556 3174 763 3259 ἀποδόμενον
791 3187 932 3257 γυναῖκα
959 3177 1079 3240 θύεσθι

95 3269 247 3352 χθονίοις
268 3272 370 3342 θεοῖς.

185 3358 214 3420 4.
244 3355 377 3438 Dionye
402 3355 432 3435 2,
451 3355 503 3418 27.
526 3390 568 3399 -
593 3352 717 3417 ἐκτῶν
740 3356 840 3435 Νομᾶ
863 3401 894 3416 ..
916 3356 1046 3435 νόμων,
1072 3377 1079 3416 ι

97 3434 147 3518 οἷς
174 3440 229 3506 καὶ
257 3439 353 3518 οὗτος
381 3441 572 3527 γέγραπται·
600 3440 658 3506 ε’ἀν
686 3443 792 3525 πατὴρ
820 3442 882 3529 υἱῷ
910 3445 1079 3526 συγχωρηο

83 3541 238 3609 γυναῖκα
264 3530 463 3615 ἀγαγέσθαι,
491 3532 656 3596 κοινωνὸν
683 3529 845 3614 ἐσομένην
873 3531 971 3614 ἱερῶν
994 3554 1029 3595 τε
1053 3555 1079 3596 κι
