2422 3840
362 180 386 230 1.
408 175 447 231 Μ.
463 173 668 231 marmus
688 175 810 232 VARRO
1029 177 1093 242 125

75 363 110 403 ox
145 361 209 420 quo
246 342 389 419 disceret,
425 343 498 420 quid
530 345 629 404 facere
660 344 818 422 dicereque
851 345 987 424 deberet,
1024 367 1092 407 cum

76 435 217 494 senatum
250 433 427 493 consuleret.
477 452 546 493 eum
572 434 684 494 librum
711 435 970 509 commentarium,
1003 456 1093 512 quem

76 540 168 598 super
191 539 228 580 ea
251 539 284 579 re
302 521 444 598 Pompeio
467 522 589 600 fecerat,
611 523 723 598 perisse
742 523 838 583 Varro
862 524 905 582 ait
923 524 955 581 in
973 524 1093 603 litteris,

76 629 153 689 quas
174 610 213 669 ad
233 607 403 686 Oppianum
421 610 513 688 dedit,
535 630 611 688 quae
630 613 702 670 sunt
720 612 751 669 in
769 612 846 673 libro
866 612 1093 688 epistulicarum

77 699 290 776 quaestionum
309 703 425 776 quarto,
447 699 606 775 inquibus
625 700 744 775 litteris,
767 701 908 777 quoniam
927 721 1003 776 quae
1023 706 1092 762 ante

77 789 241 865 scripserat
263 806 324 848 nou
345 788 570 866 comparebant,
593 787 681 849 docet
703 807 823 849 rursum
846 790 943 849 multa
965 791 1003 850 ad
1027 810 1093 850 eam

77 896 140 938 rem
163 870 328 936 ducentia'

170 962 199 1024 1.
221 959 304 1024 Ibid.
327 962 358 1025 4.
373 959 403 1025 5.
426 996 469 1009 -
492 959 639 1026 Primum
671 960 718 1024 ibi
745 962 851 1046 ponit,
879 963 934 1046 qui
961 963 1093 1046 fuerint,

78 1070 134 1134 per
159 1069 242 1133 quos
265 1069 355 1113 more
377 1050 536 1114 maiorum
556 1054 686 1114 senatus
704 1049 818 1115 baberi
838 1051 955 1116 soleret
973 1073 1092 1137 eosque

78 1138 239 1204 nominat:
257 1136 450 1203 dictatorem
468 1139 616 1204 consules
632 1141 799 1222 praetores
813 1139 963 1205 tribunos
976 1141 1092 1224 plebis,
1135 1155 1136 1159 ’

77 1228 274 1311 interregem
307 1225 506 1310 praefectum
537 1227 624 1311 urbi,
657 1249 760 1312 neque
791 1228 847 1293 alii
874 1233 1004 1314 praeter
1032 1231 1091 1295 bos

78 1316 126 1381 ius
155 1315 258 1380 fuisse
280 1314 362 1379 dixit
383 1315 489 1381 facere
512 1318 840 1399 senatusconsultum,
863 1318 990 1400 quoties
1014 1341 1091 1383 usus

78 1405 234 1488 venisset,
264 1406 302 1468 ut
334 1424 446 1469 omnes
478 1404 535 1469 isti
566 1406 778 1490 magistratus
807 1406 918 1471 eodem
946 1412 1092 1495 tempore

78 1493 203 1559 Romae
231 1497 354 1575 essent,
379 1496 450 1557 tum
479 1515 541 1578 quo
571 1516 669 1578 supra
696 1494 806 1559 ordine
836 1495 949 1580 scripti
976 1501 1092 1576 essent,

79 1583 134 1666 qui
154 1602 266 1648 eorum
284 1582 374 1666 prior
392 1581 466 1646 aliis
485 1586 580 1663 esset,
599 1584 628 1647 ei
645 1584 850 1667 potissimum
870 1590 1000 1650 senatus
1019 1608 1092 1652 con-

78 1670 206 1736 sulendi
232 1671 285 1735 ius
311 1669 413 1735 lirisse
442 1670 501 1752 ait,
530 1672 642 1737 deinde
666 1673 920 1739 extraordinario
945 1674 1012 1739 iure
1035 1675 1092 1740 tri·

78 1760 183 1825 bunos
211 1780 338 1845 qnoque
366 1759 538 1845 militares,
566 1761 621 1845 qui
648 1783 707 1846 pro
736 1762 921 1826 consulibus
944 1761 1091 1845 fuissent,

78 1849 157 1913 item
176 1848 382 1931 decemviros,
401 1848 517 1933 quibus
535 1849 708 1933 imperium
728 1849 895 1914 consulare
914 1855 984 1915 tum
999 1858 1092 1934 esset,

78 1938 158 2002 item
189 1937 287 2002 trium
319 1937 406 2001 viros
434 1937 482 2001 rei
509 1938 657 2022 publicae
688 1939 966 2003 reconstituendae
994 1962 1092 2006 causa

79 2029 208 2091 creatos
230 2026 282 2090 ins
304 2025 490 2091 consulendi
514 2031 661 2091 senatum
684 2026 845 2091 habuisse.

166 2115 198 2180 2.
221 2112 302 2179 Ibid.
321 2115 351 2178 6.
377 2149 415 2161 —
441 2114 560 2180 Postea
587 2115 717 2199 scripsit
745 2114 784 2180 de
806 2115 1090 2180 intercessionibus

79 2203 225 2288 dixitque
248 2202 476 2286 intercedendi,
497 2226 538 2268 ne
562 2208 692 2268 senatus
716 2204 900 2269 consultum
918 2203 1019 2288 fieret,
1042 2206 1092 2269 ius

78 2291 179 2357 luisse
221 2290 262 2356 iis
299 2292 391 2374 solis,
428 2293 484 2376 qui
520 2293 632 2358 eadem
664 2296 838 2378 potestate,
876 2315 940 2377 qua
974 2293 999 2357 ii
1036 2295 1092 2379 qui

78 2381 397 2447 senatusconsultum
418 2381 524 2447 facere
546 2381 689 2465 vellent,
703 2383 865 2447 maioreve
889 2385 1006 2448 essent.

168 2470 199 2534 3.
222 2468 305 2534 Ibid.
325 2470 354 2532 l.
378 2507 420 2516 —
445 2475 525 2534 Tum
549 2470 721 2555 adscripsit
745 2472 783 2536 de
806 2472 896 2553 locis,
918 2471 952 2535 in
973 2471 1091 2556 quibus

80 2561 213 2624 senatus
245 2559 429 2623 consultum
461 2558 532 2622 fieri
563 2561 633 2623 iure
665 2560 785 2642 possit,
817 2560 989 2645 docuitque
1017 2583 1092 2626 con-

78 2646 294 2730 firmavitque,
316 2647 379 2710 uisi
402 2647 435 2711 in
454 2649 525 2712 loco
543 2671 601 2731 per
620 2669 775 2732 augurem
794 2649 983 2734 constituto,
1006 2650 1092 2734 quod

77 2735 239 2820 templum
262 2736 488 2820 appellaretur,
512 2740 829 2803 senatusconsultum
852 2738 972 2802 fectum
998 2744 1094 2820 esset,

77 2824 203 2890 iustum
230 2823 264 2887 id
287 2846 352 2889 non
375 2825 485 2889 fuisse.
525 2830 701 2910 ‘propterea
724 2827 813 2891 etin
836 2828 924 2892 curia
946 2826 1093 2892 Hostilia

78 2919 112 2979 et
134 2914 170 2979 in
188 2911 344 2996 Pompeia
367 2917 496 2997 etpost
519 2914 553 2979 in
575 2913 672 2998 Iulia,
699 2936 772 2980 cum
795 2916 933 3000 profana
958 2938 998 2982 ea
1021 2917 1093 2981 loca

77 3002 228 3083 fuissent,
251 3003 374 3086 templa
397 3024 467 3067 esse
490 3025 546 3087 per
568 3025 707 3089 augures
731 3005 916 3086 constituta,
941 3009 977 3068 ut
997 3006 1091 3069 iniis

78 3094 213 3157 senatus
245 3090 395 3155 consulta
427 3113 516 3155 more
548 3093 707 3157 maiorum
736 3093 824 3157 iusta
852 3093 921 3156 fieri
948 3096 1092 3178 possent.

77 3180 164 3245 inter
196 3201 279 3264 quae
312 3179 344 3243 id
373 3201 501 3265 quoque
528 3182 683 3266 scriptum
710 3181 854 3266 reliquit,
887 3201 953 3244 non
981 3202 1091 3245 onmes

77 3269 175 3335 aedes
200 3289 307 3333 sacras
330 3269 452 3353 templa
475 3291 544 3334 esse
568 3291 606 3335 ec
628 3291 668 3334 ne
693 3270 804 3334 aedem
823 3269 953 3353 quidem
972 3268 1092 3333 Vestae

75 3359 238 3442 templum
259 3378 340 3421 esse.

168 3445 250 3511 Ibid.
268 3445 298 3510 8.
319 3482 357 3493 -
378 3446 458 3511 Post
480 3446 561 3512 baec
584 3446 734 3530 deinceps
757 3445 843 3532 dicit,
866 3450 998 3511 senatus
1016 3468 1091 3513 oon·

75 3536 205 3602 sultam
227 3537 303 3599 ante
326 3538 473 3601 exortum
498 3540 554 3602 aut
575 3540 653 3623 post
676 3557 830 3603 oceasum
848 3535 958 3602 solem
967 3535 1105 3603 iustum
