2422 3840
93 147 158 211 164
193 147 239 202 VI.
264 145 399 202 OCTAVl
418 146 517 201 SAEO.
536 144 632 201 IUltlS
651 145 823 202 CONSULT.
839 146 963 203 saulus
981 147 1106 203 PRIMA

92 335 160 375 cum
191 315 318 374 fundum
349 315 506 390 venderet,
543 314 624 373 dolia
739 332 894 376 accessura
929 316 1104 393 dixisset,

93 404 228 483 quamvis
248 404 291 462 ibi
308 404 429 462 nullum
447 403 561 462 dolium
581 403 728 482 fuisset,
751 409 853 463 tamen
871 405 954 464 dolia
971 405 1104 480 emptori

93 487 264 552 debebit'.
291 523 328 534 -

179 581 245 639 Iam
268 581 437 658 quaeritur,
465 584 567 639 utrum
590 579 703 640 Paulus
730 581 779 641 vel
806 600 976 659 anonymus
999 581 1103 642 Alfeni

93 670 258 730 orationem
281 670 441 729 retinuerit
463 688 502 727 an
524 687 738 745 nonnunquam
760 671 932 732 mutaverit.
974 671 1028 730 sed
1047 672 1102 730 hoc

93 760 142 819 vel
164 758 231 817 ideo
254 759 350 835 magis
368 759 477 836 placet,
500 756 580 834 quod
598 760 724 834 uterque
742 777 802 818 non
820 759 893 834 quid
911 760 1026 834 Alfeni,
1049 759 1100 819 sed

93 847 166 924 quid
190 866 244 906 suo
267 847 363 924 ipsius
386 850 520 923 ternpore
547 845 623 905 iuris
651 847 705 921 sit,
732 848 843 908 referre
866 848 1023 923 putandus
1047 851 1099 907 est

93 937 195 1012 itaque
217 955 278 994 non
301 936 417 1010 dubito,
441 935 514 1013 quin
536 935 681 994 nonnulla
703 955 781 1011 quae
803 937 835 994 in
858 936 948 996 Pauli
970 937 1101 1013 epitome

92 1025 245 1102 leguntur,
261 1043 357 1101 neque
372 1024 474 1083 Alfeni
487 1042 583 1099 neque
598 1023 780 1104 Triboniani,
796 1026 848 1084 sed
860 1025 949 1085 Pauli
962 1025 1100 1084 habenda

93 1114 160 1172 sint.
205 1113 297 1171 huius
325 1114 442 1190 generis
470 1131 535 1171 esse
561 1115 635 1187 puto
664 1107 782 1172 ‘rerum
810 1108 867 1173 est’
896 1108 944 1194 (P.
968 1104 1027 1195 31)
1054 1115 1101 1173 vel

94 1195 206 1260 ‘verius
238 1196 299 1261 est'
332 1193 380 1282 (P.
405 1205 499 1277 39pr.
528 1203 571 1259 44
580 1221 623 1277 pr.
645 1192 689 1282 1).
744 1203 781 1262 cf.
812 1202 900 1262 Pauli
932 1203 1100 1280 fragmenta

94 1290 222 1365 exempli
236 1291 335 1368 gratia
347 1291 379 1350 P.
393 1292 515 1363 1087,1
533 1282 660 1368 (verius
675 1283 756 1368 est'),
774 1295 857 1350 1142
874 1286 947 1372 (est
960 1284 1099 1371 verum'),

95 1381 180 1438 1152
205 1370 332 1459 (verius
355 1370 445 1460 est'),
479 1380 562 1438 1166
588 1372 713 1456 (verius
736 1372 823 1459 est').
871 1380 944 1442 item
969 1380 1050 1456 quod
1071 1380 1100 1437 in

94 1467 183 1524 Pauli
212 1470 243 1525 et
270 1467 412 1543 anonymi
440 1468 567 1543 epitome
595 1467 708 1544 legitur
735 1462 865 1545 ‘placet'
893 1460 941 1549 (P.
966 1461 1041 1548 52³)
1072 1469 1100 1526 et

95 1549 203 1632 ‘magis
230 1551 341 1631 plaeet'
369 1547 416 1636 (P.
437 1548 522 1637 29¹³),
560 1556 654 1631 ipsius
681 1557 769 1615 Pauli
796 1557 845 1617 vel
872 1558 1018 1634 anonymi
1040 1574 1099 1616 esse

93 1646 177 1719 puto.
215 1662 253 1702 an
274 1643 353 1703 idem
377 1644 413 1703 de
436 1663 508 1705 voce
533 1639 669 1720 ‘placuit'
693 1637 739 1727 (P.
761 1637 817 1728 14)
841 1646 1037 1706 indicandum
1055 1647 1099 1722 sit

95 1733 228 1791 incertus
257 1751 336 1808 sum,
369 1752 437 1793 cnm
460 1734 592 1793 fortasse
619 1733 747 1794 Alfenus
775 1735 930 1811 scripserit
960 1729 1099 1795 ‘Servio

95 1815 222 1898 placuit'
246 1824 277 1881 et
300 1821 500 1882 Tribonianus
524 1821 622 1882 Servii
644 1842 752 1883 nomen
777 1823 928 1884 deleverit.

183 1909 328 1989 Knueger,
353 1912 406 1988 qui
428 1912 520 1971 verba
543 1905 655 1971 ‘verius
678 1908 736 1971 est'
761 1910 807 1987 (P.
827 1914 870 1971 44
879 1932 924 1988 pr.
947 1909 967 1986 §
989 1903 1022 1994 1)
1046 1910 1100 1988 ipsi

94 1998 204 2058 Alfeno
237 1999 400 2074 adtribuit,
437 2000 618 2076 discipulum
654 2005 759 2060 contra
788 2003 1013 2077 praeceptorem
1045 2003 1100 2060 sta-

95 2083 190 2147 tuisse
217 2091 306 2164 putat
334 2083 376 2165 (p.
397 2091 437 2150 65
462 2109 490 2146 n.
511 2080 577 2171 55).
622 2108 699 2165 qnae
726 2089 936 2165 interpretatio
963 2089 1014 2148 vel
1036 2088 1100 2148 ideo

95 2176 312 2236 dubitationem
336 2177 439 2254 habet,
463 2177 544 2254 quod
567 2177 677 2236 similia
699 2197 849 2255 nusquam
871 2178 1042 2237 traduntur.

182 2265 326 2324 Alfenum
348 2266 380 2323 in
402 2265 535 2344 Digestis
565 2265 626 2325 suis
654 2266 756 2326 etiam·
772 2267 910 2343 proprias
938 2265 1102 2325 sententias

94 2354 256 2429 protulisse
288 2373 348 2413 non
375 2373 461 2431 nego.
515 2354 567 2412 sed
594 2355 648 2430 qui
675 2374 725 2414 eas
757 2355 927 2415 accuratius
956 2355 1102 2430 inspiciet,

94 2460 248 2516 nunquam
266 2441 410 2500 Alfenum
429 2441 590 2518 quidquam
611 2436 814 2520 ‘respondere'
827 2445 877 2503 vel
892 2437 1101 2519 ‘respondisse'

96 2529 237 2602 inveniet,
257 2533 380 2605 excepto
399 2531 487 2589 unico
503 2529 640 2592 Gelliano
659 2532 838 2610 fragmento,
856 2533 888 2591 in
902 2550 962 2608 quo
976 2531 1103 2591 Alfenus

95 2635 155 2676 non
184 2620 247 2676 tam
273 2617 350 2677 iuris
374 2620 526 2679 consultus
555 2639 646 2696 quam
673 2621 888 2696 grammaticus
911 2620 998 2681 verbi
1021 2613 1104 2696 ‘puri

95 2701 175 2781 puti'
203 2706 452 2782 significationem
481 2708 617 2783 explicat.
663 2709 695 2767 in
720 2710 828 2770 ceteris
850 2709 1029 2787 fragmentis
1052 2709 1104 2767 ali·

96 2794 169 2870 quid
197 2790 374 2854 ‘rettulisse'
401 2791 597 2875 (Papinianus
626 2797 662 2858 D.
682 2801 737 2876 31,
760 2791 816 2878 74)
843 2801 898 2858 aut
926 2791 1103 2874 ‘scripsisse'

96 2883 146 2942 vel
170 2878 322 2943 ‘scribere'
355 2877 554 2966 (Pomponius
573 2887 608 2946 D.
630 2889 683 2963 18,
709 2892 740 2964 1,
769 2889 823 2965 18,
854 2886 1004 2962 Ulpianus
1028 2889 1058 2963 8,
1076 2888 1104 2960 5,

98 2973 127 3044 8,
152 2974 185 3049 5,
219 2975 269 3048 39,
295 2975 323 3049 2,
348 2977 376 3050 9,
402 2977 434 3050 2,
467 2977 599 3052 40,12,
627 2968 680 3055 10)
719 2980 773 3035 aut
805 2970 944 3051 ‘putare’
978 2966 1105 3054 (Paulus

96 3060 132 3121 D.
153 3063 203 3138 39,
220 3064 247 3134 3,
264 3064 293 3141 2,
309 3056 343 3142 5)
373 3065 427 3122 aut
451 3057 553 3122 ‘aiere'
577 3063 687 3122 dicitur
710 3057 908 3145 (Pomponius
932 3064 968 3122 D.
989 3066 1041 3142 50,
1057 3065 1106 3139 16,

99 3152 170 3228 239,
191 3155 224 3228 6,
247 3151 409 3211 Marcellus
433 3154 467 3213 D.
487 3155 539 3229 50,
559 3154 608 3228 16,
629 3154 683 3229 87,
712 3153 826 3212 Paulus
848 3153 886 3213 D.
906 3154 957 3230 39,
973 3155 1002 3228 3,
1018 3155 1047 3231 2,
1062 3144 1105 3232 5).

96 3239 168 3298 licet
186 3241 281 3318 igitur
300 3259 362 3298 una
380 3244 411 3300 et
429 3243 525 3300 altera
544 3241 693 3300 sententia
711 3260 888 3317 responsum
906 3242 1007 3318 fuerit,
1027 3245 1104 3300 certe

97 3328 240 3387 Alfenum
276 3348 336 3389 non
373 3331 503 3390 multum
539 3329 633 3388 fuisse
668 3330 700 3388 in
734 3330 940 3406 respondendo
973 3333 1106 3407 apparet,

96 3416 206 3475 nedum
229 3436 294 3477 cum
321 3417 425 3478 Servio
448 3421 505 3477 hac
527 3417 558 3477 in
580 3438 613 3477 re
636 3419 805 3495 comparari
827 3419 932 3496 possit.

185 3505 292 3581 Itaque
320 3510 442 3582 praeter
468 3525 611 3582 responsa
639 3526 715 3583 quae
744 3507 848 3568 Servio
878 3509 988 3568 diserte
1015 3507 1106 3567 adtri-
