2422 3840
94 135 159 201 292
187 136 261 193 vni.
277 120 1094 219 OCTAVIsanaturusCONSULT.SERIESTERT1A

183 304 255 363 Alia
278 309 359 364 certe
384 324 440 364 non
460 306 648 384 conveniunt,
670 307 807 382 inprimis
825 308 986 384 emptionis
1004 309 1093 369 vendi·

94 394 185 453 tionis
209 397 239 452 et
262 394 413 453 societatis
438 394 531 454 sedes.
568 414 641 472 quas
662 413 712 476 res
736 396 815 474 quod
834 395 1013 457 Severorum
1029 401 1092 457 tem·

94 483 176 558 poris
198 482 446 543 iurisconsultus
466 484 525 542 alio
545 484 647 543 ordine
667 485 826 544 constituit
843 486 955 544 mirum
973 505 1031 546 nou
1047 489 1090 545 est.

96 570 147 630 sed
174 573 206 630 in
233 571 427 630 restituendis
450 573 551 630 Alfeni
577 572 661 632 libris
686 573 778 651 Mucii
800 574 950 634 librorum
973 576 1090 635 ordinem

95 661 180 737 sequi
202 679 262 720 non
285 679 303 718 a
325 679 357 719 re
382 661 513 719 alienum
536 661 668 734 videtur,
693 662 812 740 singula
834 664 952 724 incerta
975 667 1048 724 sunt.

523 899 632 985 Liber
654 901 679 960 Ι.

474 1025 522 1083 De
543 1027 724 1086 testamentis.

92 1173 95 1179 >
186 1147 213 1208 1.
242 1142 281 1207 D.
296 1143 338 1208 28
346 1193 354 1227 ,
371 1145 386 1207 1
394 1192 402 1226 ,
417 1141 469 1208 25.
505 1141 677 1207 Iavolenus
701 1143 785 1208 libro
809 1145 925 1228 quinto
949 1144 1087 1230 posterio-

94 1255 167 1296 rum
180 1231 344 1296 Labeonis
364 1228 414 1316 (P.
428 1228 517 1316 216).
541 1227 588 1296 -Si
608 1232 646 1314 is,
662 1233 717 1316 qui
731 1235 963 1298 testamentum
977 1233 1088 1312 faceret,

94 1320 267 1384 heredibus
290 1321 403 1404 primis
426 1321 637 1403 nuncupatis,
660 1321 847 1405 priusquam
871 1322 1028 1387 secundos
1050 1343 1088 1391 ex·

94 1411 248 1492 primeret
278 1409 426 1492 heredes,
456 1409 686 1487 obmutuisset,
720 1411 826 1491 magis
857 1411 1002 1496 coepisse
1031 1429 1090 1475 eun

94 1501 325 1562 testamentum
357 1496 461 1561 facere
496 1513 592 1581 quam
620 1497 734 1563 fecisse
761 1496 868 1564 Varus
896 1498 1089 1584 Digestorum

95 1587 178 1650 libro
206 1586 321 1670 primo,
336 1583 482 1650 Servium
506 1587 712 1670 respondisse
736 1587 878 1671 scripsit:
906 1589 1016 1673 itaque
1038 1586 1090 1673 pri·

97 1697 167 1739 mos
190 1674 323 1738 heredes
347 1696 385 1738 ex
409 1696 446 1739 eo
470 1674 665 1740 testamento
688 1696 755 1739 non
777 1674 912 1741 futuros.

185 1795 220 1854 ci.
245 1794 342 1855 Servii
364 1813 507 1871 responsa
532 1799 559 1855 1.

133 1981 161 2039 b·
184 1892 291 1994 hiidem
322 1892 400 1952 libro
432 1893 630 1953 adtribuenda
657 1892 798 1953 videntur
830 1894 1003 1971 fragmenta
1028 1909 1093 1970 quac

96 2000 133 2040 su
153 2000 217 2042 ieci.

184 2103 213 2166 2.
247 2100 285 2165 D.
304 2102 360 2184 28,
380 2099 414 2184 5,
432 2101 484 2165 46.
530 2099 619 2164 Idem
650 2098 815 2188 (Alfenus)
848 2101 931 2166 libro
966 2102 1095 2168 secundo

96 2189 303 2275 Digestorum
324 2213 342 2252 a
361 2189 463 2253 Paulo
483 2191 733 2273 epitomatorum
753 2185 802 2276 (P.
818 2187 884 2275 34).
917 2187 965 2255 ‘Si
979 2189 1096 2256 Maenia

96 2283 196 2344 mater
214 2300 286 2343 mea
306 2283 338 2342 et
353 2276 466 2341 Fulvia
484 2277 552 2343 filia
570 2300 641 2343 mea
659 2277 779 2361 vivent,
797 2281 868 2342 tum
886 2279 968 2343 mihi
987 2278 1096 2346 Lucius

97 2368 201 2432 Titius
220 2368 313 2432 heres
332 2365 423 2431 esto'.
457 2364 585 2432 Servius
605 2366 781 2450 respondit,
800 2367 828 2432 si
847 2370 988 2432 testator
1004 2369 1098 2434 filiam

95 2477 272 2541 numquam
295 2455 453 2536 habuerit,
476 2459 580 2520 maier
603 2459 712 2520 autem
733 2454 974 2542 supervixisset,
997 2462 1100 2523 tamen

96 2544 217 2608 Titium
250 2543 400 2609 heredem
432 2544 515 2628 fore,
547 2543 623 2628 quia
650 2543 695 2626 id,
728 2544 813 2629 quod
840 2544 1045 2627 impossibile
1071 2546 1100 2610 in

96 2636 291 2697 testamento
316 2633 469 2716 scriptum
495 2640 592 2717 esset,
616 2632 740 2697 nullam
764 2633 829 2696 vim
852 2633 997 2701 haberet.
1049 2711 1051 2714 Α

186 2753 222 2811 cf.
245 2751 342 2812 Servii
365 2771 507 2829 responsa
530 2756 559 2827 3.

186 2871 215 2935 3.
238 2870 277 2935 D.
292 2872 344 2955 28,
359 2871 388 2953 5,
402 2872 455 2936 45.
489 2871 625 2938 Alfenus
649 2872 733 2937 libro
758 2872 871 2957 quinto
895 2871 1100 2958 Digestorum

97 2960 145 3046 (P.
167 2956 232 3046 19).
277 2959 375 3023 Pater
401 2960 542 3025 familias
569 2964 765 3025 testamento
794 2961 873 3026 duos
900 2961 1036 3028 heredes
1059 2963 1100 3027 in·

97 3050 253 3114 stituerat.
299 3070 353 3113 eos
378 3053 619 3113 monumentum
641 3050 748 3114 faeere
772 3050 912 3126 iusserat
934 3051 968 3114 in
993 3051 1099 3116 diebus

97 3138 202 3202 certis.
235 3137 349 3201 deiude
367 3138 415 3201 ita
430 3136 612 3222 scripserat:
632 3137 700 3223 ‘qui
715 3161 825 3203 eorum
843 3160 910 3204 non
924 3139 971 3203 ita
984 3140 1100 3218 fecerit,

96 3249 208 3303 omnes
250 3226 422 3290 exheredes
464 3225 583 3293 sunto'.
642 3227 723 3291 alter
763 3228 855 3291 heres
891 3227 1099 3294 hereditatem

96 3315 371 3399 praetermiserat,
403 3315 544 3398 reliquus
572 3316 665 3380 heres
695 3315 898 3400 consulebat,
929 3338 1003 3382 cum
1034 3318 1099 3401 ipse

97 3407 339 3468 monumentum
363 3404 581 3488 exstruxisset,
603 3404 760 3488 numquid
781 3405 888 3468 minus
907 3405 1000 3471 heres
1020 3408 1099 3470 esset

97 3492 138 3556 ob
158 3513 228 3556 eam
248 3514 326 3578 rem,
341 3493 425 3578 quod
441 3492 571 3557 coheres
587 3493 654 3557 eius
668 3492 881 3558 hereditatem
895 3515 963 3559 non
977 3494 1097 3560 adisset
