2422 3840
93 163 159 226 212
197 163 242 218 Vl.
265 160 397 217 OCTAVI
416 161 514 218 SAEO.
532 160 630 218 lorus
649 160 823 218 CONSULT.
840 161 966 218 snaffls
985 162 1105 217 PRIMA

452 332 499 389 De
523 332 743 404 repetitionibus.

186 440 258 505 141.
282 441 320 504 Ι).
341 442 391 524 12,
407 440 435 521 6,
450 441 502 506 36.
530 440 649 505 Paulus
663 441 746 505 libro
762 441 875 524 quinto
890 441 1108 525 epitomarum

95 530 204 593 Alfeni
224 529 432 615 Digestorum
452 528 501 615 (P.
517 527 584 616 69).
621 526 739 594 Servus
758 530 926 594 cuiusdam
949 531 1107 594 insciente

96 620 227 684 domino
255 618 415 703 magidem
442 618 671 683 commodavit:
710 619 738 682 is
765 619 817 683 cui
845 619 1108 684 commodaverat

95 709 224 791 pignori
247 729 317 771 eam
340 707 450 790 posuit
468 713 501 771 et
519 706 620 792 fugit:
642 707 697 791 qui
721 707 845 792 accepit
868 728 932 772 non
958 708 1055 772 aliter
1075 728 1108 771 se

95 797 294 861 redditurum
319 795 439 878 aiebat,
462 816 558 879 quam
582 795 610 859 si
633 795 802 878 pecuniam
826 796 1013 878 accepisset.
1057 818 1107 861 ac-

96 885 184 967 cepit
202 907 222 948 a
241 885 369 949 servulo
389 888 422 948 et
439 883 578 948 reddidit
595 885 770 968 magidem:
789 885 972 968 quaesitum
987 889 1046 969 est,
1067 907 1109 948 an

95 975 232 1056 pecunia
251 975 291 1038 ab
312 995 349 1036 co
368 973 473 1056 repeti
485 973 597 1055 possit.
628 973 803 1057 respondit,
822 974 891 1038 siis
906 973 961 1058 qui
975 974 1109 1058 pignori

97 1063 274 1147 accepisset
296 1062 458 1146 magidem
481 1062 617 1125 alienam
641 1061 798 1146 sci<sse>t
817 1061 902 1146 apud
920 1083 955 1126 se
974 1062 1108 1147 pignori

97 1151 223 1237 deponi,
245 1150 324 1214 furti
347 1173 420 1214 eum
443 1172 478 1215 se
502 1150 663 1235 obligasse
682 1148 828 1236 ideoque,
850 1151 878 1216 si
896 1151 1069 1234 pecuniam
1090 1173 1109 1214 a

98 1241 224 1305 servulo
249 1239 425 1323 accepisset
447 1239 624 1303 redimendi
647 1238 727 1304 furti
746 1261 852 1322 causa,
874 1261 971 1323 posse
990 1241 1108 1323 repeti:

97 1330 151 1394 sed
171 1328 198 1392 si
212 1327 367 1392 nescisset
381 1329 519 1392 alienam
534 1328 618 1411 apud
634 1349 667 1392 se
682 1329 808 1412 deponi,
827 1349 893 1393 non
908 1349 979 1393 esse
993 1327 1109 1413 furem,

96 1419 183 1497 item,
209 1417 237 1480 si
259 1417 394 1500 pecunia
418 1418 485 1481 cius
508 1417 648 1500 nomine,
672 1439 772 1501 aquo
791 1418 910 1501 pignus
930 1421 1112 1501 acceperat,

99 1529 118 1569 a
142 1528 232 1571 servo
257 1507 285 1568 ei
310 1506 415 1569 solnta
439 1509 536 1588 esset,
558 1527 624 1570 non
646 1527 743 1589 posse
765 1508 806 1570 ab
830 1527 867 1570 eo
892 1501 1004 1590 repeti.

426 1654 473 1711 De
495 1655 589 1712 indice
611 1657 637 1711 ct
659 1656 776 1712 arbitro.

188 1754 260 1818 142.
293 1753 386 1832 Db,
412 1757 439 1837 1,
463 1755 513 1821 80.
559 1753 757 1837 Pomponius
785 1754 869 1819 libro
899 1753 1039 1819 secundo
1070 1755 1111 1819 ad

54 1881 56 1887 >
99 1840 252 1907 Sabinum
275 1839 325 1928 (P.
345 1839 433 1927 392).
480 1841 513 1907 si
540 1843 576 1907 in
603 1843 716 1908 iudicis
744 1845 874 1908 nomine
897 1845 1111 1928 praenomine

99 1935 241 1995 erratum
265 1935 323 2015 est,
347 1929 476 1996 Servius
490 1932 674 2015 respondit,
697 1931 725 1996 si
748 1955 787 1996 ex
805 1933 1019 1997 conventione
1043 1932 1110 1997 liti·

100 2026 250 2105 gatorum
272 2020 301 2085 is
320 2021 414 2085 iudex
433 2020 579 2086 addictus
599 2026 693 2104 esset,
717 2042 789 2085 eum
808 2043 879 2085 esso
897 2020 1046 2105 iudicem,
1071 2021 1109 2085 de

100 2133 163 2194 quo
186 2110 370 2194 litigatores
394 2111 577 2174 sensissent.

189 2199 261 2263 143.
286 2199 324 2262 D.
342 2199 395 2280 42,
413 2200 440 2280 1,
455 2199 506 2262 62.
542 2195 679 2261 Alfenus
698 2197 807 2263 Varus
831 2198 913 2262 libro
939 2202 1030 2263 sexto
1055 2197 1113 2263 Di-

99 2291 266 2373 gestorum
287 2285 423 2350 aPaulo
443 2287 693 2371 epitomatorum
713 2282 763 2372 (P.
780 2285 845 2372 72).
878 2285 961 2352 (lum
980 2309 1113 2370 quaere-

97 2377 203 2460 batur,
225 2374 329 2457 iudex,
353 2375 380 2438 si
403 2397 571 2459 perperam
596 2374 778 2460 iudicasset,
801 2399 843 2439 an
865 2379 978 2459 posset
996 2376 1112 2441 eodem

100 2465 151 2528 die
174 2466 292 2528 iterum
315 2464 469 2544 iudicare,
493 2463 661 2547 respondit
682 2486 749 2530 non
771 2486 876 2548 posse.

189 2553 262 2617 144.
288 2551 326 2615 D.
342 2551 393 2628 44,
410 2553 438 2632 7,
453 2552 505 2617 23.
536 2552 626 2617 Idem
644 2548 846 2639 (Africanus)
865 2553 949 2619 libro
969 2554 1112 2636 septimo

99 2640 331 2716 Quaestionum
360 2638 409 2726 (P.
434 2638 499 2727 75).
550 2641 631 2706 ..si
659 2642 779 2706 arbiter
807 2664 846 2706 ex
873 2643 1112 2726 compromisso

98 2730 266 2812 pecuniam
280 2732 366 2793 certo
382 2730 432 2794 die
447 2731 523 2795 dare
537 2731 667 2795 iusserit
680 2753 784 2814 neque
797 2753 855 2815 per
865 2753 945 2811 eum,
961 2731 1016 2815 qui
1032 2731 1112 2796 dare

99 2819 206 2882 iussus
235 2818 291 2899 sit,
325 2819 464 2903 steterit,
493 2841 558 2884 non
587 2821 747 2884 committi
774 2841 913 2903 poenam
940 2822 1113 2904 respondit

99 2905 323 2991 (Iulianus?>:
358 2907 436 2973 adeo
469 2911 505 2970 ut
537 2912 570 2972 et
601 2908 680 2972 illud
708 2908 838 2973 Servius
867 2908 1112 2993 existimaverit,

100 2997 126 3059 si
151 2996 278 3080 quando
301 2996 379 3080 dies,
403 3018 467 3080 qua
489 2997 625 3079 pecunia
646 2998 783 3079 daretur,
809 2997 970 3062 sententia
994 2997 1112 3062 arbitri

101 3086 331 3169 comprehensa
344 3107 409 3149 non
424 3089 518 3168 esset,
539 3086 701 3150 modicum
715 3087 859 3170 spatium
873 3086 984 3150 datum
999 3086 1111 3153 videri.

372 3234 420 3291 De
441 3235 473 3292 in
495 3234 638 3306 inteperent
655 3236 838 3293 restitutione.

190 3343 262 3408 145.
295 3342 334 3407 D.
353 3344 387 3424 4,
406 3343 440 3426 6,
459 3343 511 3407 42.
553 3343 687 3407 Alfenus
712 3345 796 3408 libro
820 3342 933 3427 quinto
957 3341 1108 3428 Digesto-

101 3453 173 3494 rum
188 3429 235 3516 (P.
248 3432 315 3516 22).
342 3430 418 3497 Non
437 3454 511 3496 vere
530 3432 645 3496 dicitur
659 3433 705 3495 rei
719 3432 869 3516 publicae
884 3454 981 3497 causa
996 3434 1107 3498 abesse

99 3542 179 3603 eum,
205 3520 259 3603 qui
282 3521 332 3585 sui
354 3521 475 3605 privati
497 3521 622 3608 negotii
644 3543 741 3585 causa
762 3521 797 3585 in
821 3521 984 3606 legatione
1008 3527 1066 3587 est.
