2422 3840
442 157 466 207 e.
485 151 531 207 ss.
548 153 724 209 uiuimus
1045 156 1088 221 25

492 347 601 407 Liber
623 348 676 407 ΙΙΙ.

168 459 197 523 3.
230 457 310 521 Ibid.
335 493 376 502 -
401 462 468 520 tum
498 479 536 522 ex
565 458 648 523 libro
675 459 772 523 tertio
902 463 938 525 ia
967 461 1089 526 Tiburti

77 547 156 628 forte
179 547 349 612 assedimus
371 566 422 629 epo
446 551 474 610 et
496 547 626 612 Marcus
647 548 741 629 filius.

386 863 425 946 3.
460 869 519 940 Μ’.
547 868 782 942 MANILIUS

469 1031 527 1073 cos.
553 1008 700 1093 ooss149.

167 1137 350 1214 Pomponius
382 1137 402 1210 ξ
428 1140 469 1198 39
504 1131 588 1213 ‘post
619 1138 674 1197 hos
702 1138 826 1198 fuerunt
852 1139 885 1199 P.
913 1139 1030 1198 Mucius
1058 1142 1088 1197 et

78 1225 194 1286 Brutus
214 1232 244 1286 et
262 1226 412 1302 Manilius,
432 1227 483 1303 qui
501 1226 704 1286 fundaverunt
721 1227 768 1287 ius
788 1228 882 1288 civile.
916 1247 952 1287 ex
970 1228 1016 1287 his
1037 1272 1087 1288 ...
1111 1231 1114 1240 '

77 1315 197 1375 libellos
230 1315 354 1392 reliquit
380 1314 493 1375 Brutus
526 1319 654 1392 septem,
685 1316 827 1376 Manilius
854 1320 917 1376 tres
945 1308 1087 1397 (fortasse

78 1400 233 1463 ‘Manilius
248 1407 371 1479 septem,
389 1404 501 1463 Brutus
516 1396 615 1486 trcs'),
634 1408 665 1464 et
679 1409 796 1464 exstant
810 1406 964 1466 volumina
978 1406 1089 1480 scripta

77 1493 194 1563 Manilii
227 1486 440 1553 monumenta?
485 1493 578 1553 rerba
609 1494 717 1553 ultima
743 1497 885 1570 corrupta
913 1495 991 1554 malo
1018 1488 1087 1551 ‘in-

77 1574 206 1659 scripta’
231 1581 331 1657 legere
355 1600 444 1658 quam
468 1575 692 1642 ‘monumenta'
717 1583 823 1644 delere.

166 1670 250 1729 Idem
291 1670 364 1747 quin
402 1670 632 1729 Manilianarum
673 1673 825 1731 venalium
866 1671 1089 1731 vendendorum

76 1760 177 1836 legum
207 1750 325 1840 (Cicero
354 1758 391 1818 dc
414 1777 455 1818 or.
482 1762 514 1836 1,
535 1761 589 1836 58,
610 1753 688 1837 246)
716 1761 766 1820 vel
793 1760 909 1819 Manilii
938 1761 1088 1819 actionum

76 1844 188 1926 (Varro
218 1849 254 1906 de
281 1867 305 1905 r.
329 1839 368 1929 r.)
392 1851 496 1907 auctor
519 1847 572 1922 sit,
601 1847 734 1906 dubitari
760 1850 878 1924 nequit,
906 1867 1089 1925 quamquam

76 1938 106 1996 in
135 1937 287 1996 codicibus
317 1936 437 2011 optimis
465 1954 573 1994 nomen
596 1929 771 1995 ‘Mamilius'
795 1938 916 2013 legitur.
962 1937 1088 1996 Teuffel·

77 2026 222 2086 Schwabe
246 2021 265 2100 ἓ
287 2027 402 2100 133,1.
423 2022 498 2099 cf.§
521 2026 636 2096 158,1.

166 2114 308 2173 Manilius
331 2114 363 2172 in
388 2112 537 2173 Ciceronis
561 2112 596 2172 de
619 2133 652 2172 re
675 2133 704 2189 p.
728 2112 847 2188 dialogo
870 2114 983 2189 prodit3
1014 2113 1089 2171 eius-

77 2203 144 2262 dem
165 2202 339 2262 memoriam
358 2203 552 2262 Mamertinus
571 2205 648 2278 grat.
667 2206 723 2262 act.
743 2201 860 2261 Iuliano
880 2202 999 2275 excitat,
1020 2219 1088 2260 oum

78 2293 217 2351 Manilios
236 2322 279 2332 -
299 2292 342 2351 ita
366 2291 452 2362 enim,
476 2311 535 2350 non
556 2284 706 2350 ‘Manlios'
730 2292 889 2369 legendum
914 2310 977 2350 esse
1000 2290 1087 2350 Joers

76 2401 105 2456 p.
124 2381 233 2455 256,1
253 2384 333 2440 recte
353 2384 462 2457 monet,
486 2399 553 2438 cum
572 2382 620 2439 vel
640 2380 775 2456 Krueger
793 2401 822 2455 p.
837 2383 911 2455 261,
928 2384 944 2439 7
962 2391 1089 2456 pravam

77 2470 239 2530 lectionem
265 2470 377 2528 habeat
399 2499 442 2510 —
465 2469 539 2526 iuris
568 2470 662 2527 civilis
691 2469 845 2528 scientiam
872 2488 939 2527 cum
967 2470 1034 2528 aliis
1057 2470 1089 2526 in

80 2558 299 2636 amplissimum
323 2559 450 2634 gradum
474 2557 629 2635 dignitatis
654 2559 785 2617 evexisse
809 2560 918 2617 monet.

490 2744 681 2818 Responsa.

168 2866 227 2929 Cio.
255 2866 291 2926 de
319 2869 395 2929 orat.
419 2870 530 2945 3,133
561 2860 624 2927 ‘M’.
648 2886 717 2926 vere
740 2866 896 2925 Manilium
921 2884 975 2926 nos
998 2866 1089 2925 ctiam

77 2958 209 3018 vidimus
236 2959 406 3016 transverso
435 2957 639 3016 ambulantem
666 2957 744 3031 foro,
772 2955 852 3031 quod
876 2958 941 3013 erat
963 2955 1088 3030 insigne,

79 3066 147 3106 eum
176 3045 228 3122 qui
255 3044 286 3103 id
312 3046 436 3118 faceret,
464 3046 563 3104 facere
590 3045 705 3103 civibus
734 3043 870 3103 omnibus
899 3042 1016 3101 consilii
1043 3044 1089 3102 sui

78 3154 112 3196 co
134 3127 217 3194 lam?

114 3157 133 3212 p
171 3247 199 3310 1.
228 3241 340 3308 Cicero
361 3245 398 3308 de
418 3265 452 3308 re
472 3243 559 3326 publ.
574 3243 603 3323 3,
620 3243 670 3327 10,
687 3243 736 3307 17.
753 3278 791 3287 —
810 3292 834 3305 ..
853 3245 888 3305 ut
906 3240 959 3305 hic
978 3244 1088 3305 noster

79 3336 240 3417 interpres
282 3333 346 3396 alia
386 3354 472 3396 nunc
505 3331 657 3396 Manilius
699 3332 768 3395 iura
809 3331 895 3394 dicat
936 3351 1005 3393 esse
1048 3330 1086 3392 de

79 3423 251 3488 mulierum
289 3421 406 3505 legatis
445 3424 478 3484 et
514 3419 767 3500 hereditatibus,
800 3419 874 3485 alia
907 3417 1036 3482 aelatae
1065 3416 1119 3472 arc

79 3512 268 3577 adulescens
292 3509 394 3576 dicere
415 3509 564 3579 nondum
587 3511 746 3582 Voconia
766 3513 851 3598 lege
866 3510 960 3574 lala.
