2422 3840
391 185 415 233 3.
440 179 472 245 Q.
486 177 618 234 AELIUS
636 177 783 233 TUBERO
930 221 933 225 «
1026 175 1089 240 361

83 364 154 406 rum
178 342 207 405 si
230 364 276 420 ea,
300 341 339 405 de
362 340 481 426 quibus
501 364 565 406 non
586 341 812 425 ambigeretur,
835 339 912 423 quin
931 340 966 403 in
985 340 1090 404 alieno

58 477 60 481 -
84 451 200 514 genere
219 435 335 514 essent,
353 438 391 494 ut
407 435 487 514 pute
505 431 662 495 escarium
678 432 848 513 argentum
864 431 920 493 eut
933 429 1101 512 paenulas·

83 526 116 582 et
142 525 239 602 togas
268 518 460 602 supellectili
488 520 559 603 quis
585 518 766 582 adscribere
794 517 910 581 solitus
939 518 994 595 sit,
1026 539 1092 581 non

83 607 201 672 idcirco
230 608 407 672 existimari
432 613 580 690 oportere
604 606 795 690 supellectili
819 606 930 691 legate
953 626 991 668 ea
1015 626 1090 688 quo·

84 717 145 780 que
171 695 343 779 contineri,
360 718 431 761 non
452 697 537 760 enim
556 717 594 760 ex
613 695 820 779 opinionibus
838 694 1012 777 hominum,
1036 694 1092 758 sed

84 807 122 848 ex
146 785 308 849 communi
331 807 390 849 usu
414 785 547 849 nomine
570 784 715 848 exaudiri
738 783 861 848 debere.
906 783 939 846 id
963 782 1092 847 Tubero

83 895 197 956 parum
225 873 288 937 sibi
311 874 432 957 liquere
456 873 515 937 eit:
543 894 619 938 nom
641 893 788 955 quorsum
809 872 951 948 nomine,
978 871 1093 956 inquit,

83 963 147 1026 nist
169 967 205 1026 ut
221 963 465 1027 demonstrarent
484 962 669 1027 uoluntatem
691 960 840 1026 dicentis?
876 961 1012 1042 equidem
1030 981 1093 1025 non

84 1051 219 1115 arbitrer
241 1071 424 1133 quemquem
446 1053 551 1130 dicere,
574 1053 654 1133 quod
673 1071 736 1114 non
753 1052 885 1127 sentiret,
906 1054 942 1113 ut
959 1051 1094 1114 manime

84 1142 207 1203 nomine
242 1137 316 1205 usus
352 1142 406 1224 su,
442 1161 501 1221 quo
532 1142 568 1204 e'd
597 1140 751 1222 appellari
781 1140 871 1214 solet:
907 1158 983 1202 num
1013 1139 1094 1202 uocis

84 1230 255 1292 ruinisterio
274 1231 400 1295 utimur.
432 1233 561 1293 ceterum
578 1249 666 1293 nemo
679 1229 902 1294 existimandus
916 1232 960 1292 est
972 1227 1093 1306 dimisse,

85 1319 168 1411 proed
188 1338 251 1382 non
273 1323 371 1382 mente
393 1319 562 1401 optinuerit.

469 1492 513 1546 De
530 1508 600 1547 euro
619 1493 713 1562 leuato.

173 1604 202 1665 4.
232 1602 270 1665 D.
290 1603 341 1685 34,
361 1603 390 1682 2,
411 1602 467 1686 32,
489 1603 515 1666 1.
556 1600 677 1665 Paulus
705 1602 789 1665 libro
813 1600 952 1666 secundo
975 1601 1013 1665 ad
1037 1599 1096 1664 Vi·

85 1689 209 1753 tellium
245 1688 296 1775 (Ρ.
323 1686 452 1772 20742).
507 1693 596 1754 Auro
633 1690 721 1754 fecto
758 1691 1010 1754 adnumerantur

86 1778 213 1842 Tubero
242 1786 364 1860 cutem,
393 1779 478 1862 quod
505 1782 643 1843 testator
671 1779 741 1842 euri
762 1801 896 1843 numero
919 1779 1094 1862 habuisset,

86 1869 229 1951 legatum
258 1866 366 1931 deberi
395 1868 454 1931 sit:
483 1867 628 1951 alioquin
651 1871 766 1932 aurete
788 1871 821 1932 et
843 1867 968 1932 incluse
990 1866 1096 1932 vasis¹

87 1956 220 2020 alterius
245 1957 399 2020 materiae
424 1956 494 2020 auri
516 1976 650 2019 numero
672 1977 739 2020 non
760 1956 918 2020 habenda.

418 2120 462 2175 De
479 2121 574 2175 domus
591 2137 645 2175 usu
661 2121 762 2176 relicte.

176 2229 205 2294 5.
233 2229 274 2294 D.
288 2232 322 2314 9,
341 2232 375 2309 8,
394 2231 428 2309 2,
450 2233 477 2293 1.
520 2228 678 2313 Ulpianus
701 2230 785 2295 libro
810 2230 947 2313 septimo
971 2231 1094 2295 decimo

88 2319 127 2382 ad
152 2317 307 2383 Sabinum
331 2316 381 2404 (P.
399 2318 511 2399 2575).
556 2317 680 2383 Domus
706 2340 782 2382 usus
807 2321 937 2384 relictus
961 2324 1011 2384 est
1039 2326 1096 2385 eut

87 2408 203 2472 marito
237 2412 293 2472 eut
325 2407 466 2471 mulieri:
500 2407 528 2472 si
556 2408 688 2491 marito,
714 2411 824 2492 potest
852 2407 918 2472 illic
947 2407 1095 2474 habitare

86 2519 151 2560 non
176 2497 272 2577 solus,
294 2518 405 2560 verum
427 2517 500 2561 cum
517 2495 642 2560 familia
663 2517 788 2579 quoque
807 2519 874 2561 sua.
912 2518 952 2560 en
972 2507 1096 2562 etcum

86 2585 226 2670 libertis,
253 2585 316 2649 fuit
344 2585 554 2667 quaestionis,
587 2593 620 2649 et
647 2582 760 2650 Celsus
791 2585 933 2669 scripsit,
964 2592 996 2650 et
1023 2608 1096 2651 cum

86 2675 226 2758 libertis,
261 2695 356 2757 posse
393 2673 556 2757 hospitem
593 2695 718 2759 quoque
752 2675 907 2758 recipere,
942 2697 1018 2739 nam
1050 2676 1097 2739 ita

88 2763 171 2826 libro
201 2767 314 2827 octavo
343 2761 466 2827 decimo
490 2761 700 2844 Digestorum
730 2763 873 2847 scripsit,
901 2786 997 2848 quam
1025 2785 1097 2827 sen-

86 2853 223 2916 tentiam
247 2859 280 2915 et
302 2850 428 2915 Tubero
450 2851 578 2934 probet.

474 3015 518 3072 De
535 3017 596 3072 dote
614 3016 710 3086 leuato.

177 3126 207 3189 6.
235 3123 274 3188 D.
294 3126 351 3206 32,
368 3125 421 3190 43.
458 3121 572 3189 Celsus
600 3125 685 3189 libro
715 3123 827 3209 quinto
854 3125 976 3190 decimo
1000 3124 1095 3208 Dige-

89 3218 212 3277 storum
245 3209 294 3300 (P.
320 3209 424 3299 116b).
479 3213 513 3278 si
548 3212 634 3276 filiae
666 3217 759 3296 pater
791 3213 898 3278 dotem
935 3215 1096 3280 arbitratu

88 3305 231 3366 tutorum
256 3302 325 3366 deri
349 3302 504 3387 iussisset,
527 3301 654 3367 Tubero
677 3302 810 3385 perinde
831 3302 893 3367 hoc
911 3302 1096 3368 habendum

89 3389 134 3452 cit
158 3411 195 3453 ec
219 3392 246 3454 si
268 3391 331 3454 viri
353 3392 432 3456 boni
455 3392 615 3456 arbitratu
637 3390 781 3475 legatum
806 3391 856 3456 sit.
1163 3383 1168 3395 ”

160 3550 175 3598 1
195 3546 242 3601 Fr.
262 3563 336 3602 vase.
