2422 3840
275 152 301 202 7.
325 145 358 212 Q.
376 144 511 201 Muclus
531 146 561 203 P.
575 146 605 200 F.
620 144 650 200 P.
664 145 699 200 N.
715 144 903 202 SCADVOLA
1051 146 1092 210 79

80 314 119 373 ad
148 314 283 374 Mucium
314 315 467 374 habemus.
518 314 621 391 itaque
650 315 795 373 nonnulla
823 333 858 372 ex
884 315 975 375 tertio
1002 315 1094 374 Mucii

80 404 160 464 libro
185 406 307 479 sumpta
329 402 401 477 sint,
425 422 502 478 quae
526 403 655 462 secundo
678 403 755 462 libro
779 403 924 463 dedimus.

171 492 237 552 Hoc
261 492 381 551 locode
400 492 538 551 cautione
557 491 696 550 Muciana
713 511 790 566 quae
810 492 935 550 dicenda
952 493 1107 555 videntur.

80 600 203 658 ponam.
246 579 278 650 Q.
293 581 408 640 Mucius
427 581 617 656 legatarium,
640 599 729 656 quem
752 584 880 640 testator
897 583 978 655 quod
995 584 1092 642 velari

80 671 179 746 possit
216 674 368 744 vetuerat,
404 670 539 746 legatum
571 688 676 744 capere
708 687 795 743 posse
826 670 1030 748 existimabat,
1067 673 1093 730 si

81 759 213 818 vetitum
233 777 265 816 se
282 777 343 816 non
360 760 513 817 l'soturum
532 777 599 815 curn
618 776 761 832 sponsore
780 759 972 833 promisisset,
990 759 1035 817 ita
1048 764 1092 837 ut,

80 848 107 906 si
125 851 233 906 contra
251 848 431 922 promissum
449 847 571 924 egisset,
589 847 721 923 legatam
739 866 801 904 rem
821 848 945 905 reddere
964 848 1093 908 deberet.

78 936 200 994 Mucius
224 944 326 993 rutrum
349 937 405 996 boc
427 938 549 1010 praetor
572 935 763 994 constituerit
786 936 940 1010 (llarlowa
957 936 997 1010 Il,
1013 929 1091 1018 894)

79 1044 120 1083 66
137 1024 282 1100 privatim
300 1025 496 1102 responderit,
518 1024 680 1082 nescimus:
704 1025 755 1082 sed
774 1025 878 1082 exinde
897 1024 972 1082 talia
989 1025 1092 1101 legata

78 1114 125 1173 ita
148 1113 288 1188 expeditu
310 1130 374 1171 esse
395 1115 520 1172 constat.
563 1130 639 1188 quae
658 1112 822 1190 delegatis
842 1114 964 1188 placuit,
988 1119 1092 1188 postea

78 1203 173 1261 etiam
201 1201 232 1259 in
261 1201 478 1261 hereditatibus
504 1201 667 1259 admissum
691 1209 748 1259 est:
778 1202 819 1259 sic
842 1201 921 1258 enim
944 1201 1092 1277 Ulpianus

77 1290 159 1350 libro
177 1295 283 1350 octavo
302 1290 416 1350 decimo
430 1290 469 1348 sd
483 1288 626 1347 Sabinum
642 1290 734 1347 tradit
752 1291 784 1349 D.
797 1292 846 1364 35,
860 1294 887 1364 1,
900 1293 926 1349 7.
959 1290 1091 1349 Mucium

78 1397 153 1438 vero
176 1379 267 1438 etiam
290 1379 323 1437 in
344 1379 419 1437 iuris
443 1378 540 1437 civilis
563 1378 648 1436 libris
671 1379 708 1436 de
731 1381 869 1437 cautione
894 1398 949 1437 sua
972 1381 1090 1455 dixisse,

78 1486 116 1526 ex
144 1467 180 1527 D.
205 1468 260 1544 35,
281 1471 350 1543 1,1
381 1461 576 1546 (Pomponius
605 1467 680 1526 libro
709 1469 799 1525 tertio
828 1469 865 1525 ad
889 1467 922 1538 Q.
943 1467 1090 1548 Mucium)

77 1556 154 1616 licet
183 1557 371 1615 concludere:
405 1556 601 1631 Pomponium
634 1563 736 1614 autem
767 1558 823 1615 hoc
856 1558 931 1616 libro
960 1558 995 1616 de
1024 1558 1090 1616 aliis

36 1697 41 1708 .
79 1663 199 1722 quoqne
222 1647 392 1719 legatorum
414 1644 637 1703 condicionibus
662 1645 814 1718 scripsisse
839 1651 971 1720 apparet.

169 1732 215 1791 De
242 1736 325 1792 certa
351 1736 470 1791 tantum
497 1733 680 1807 condicione,
708 1752 766 1793 non
796 1734 832 1792 de
856 1735 993 1794 omnibus
1015 1735 1090 1794 indi·

79 1822 190 1882 stinete
208 1821 341 1880 Mucium
360 1821 470 1880 dixisse
488 1823 556 1879 iude
576 1823 789 1898 cognoscimus,
811 1824 890 1897 quod
910 1823 1090 1899 Papinianus

79 1910 189 1978 D.'35,
206 1913 234 1982 1,
251 1912 290 1970 73
310 1913 384 1968 bace
403 1911 519 1969 scribit:
544 1905 586 1966 ‘in
605 1911 742 1969 omnibus
762 1912 992 1988 condicionibus,
1013 1931 1090 1988 quae

78 2003 176 2059 morte
195 1999 409 2076 legatariorum
426 1999 581 2074 finiuntur,
603 2002 789 2073 receptum
808 2003 876 2068 est,
898 2004 934 2056 nt
952 2001 1091 2058 Muciana

76 2088 180 2148 cautio
212 2082 445 2162 interponatnr’.
496 2090 630 2164 legatum
659 2087 735 2144 illud
762 2087 977 2162 condicionale,
1011 2089 1089 2163 qnod

76 2175 199 2236 Mucius
230 2177 386 2252 tractavit,
417 2176 545 2235 fortasse
578 2180 643 2235 erat
675 2176 760 2233 uxori
791 2177 929 2233 relictum
960 2170 1001 2234 ‘si
1028 2195 1088 2234 non

76 2259 228 2340 nupserit'
255 2266 303 2325 vel
331 2258 369 2323 ‘si
396 2285 415 2323 a
441 2265 543 2324 liberis
568 2284 606 2322 ne
629 2259 790 2340 nupserit’:
819 2283 888 2322 nam
910 2283 971 2323 non
994 2265 1090 2324 solum

76 2354 214 2430 legatum
244 2354 330 2413 uxori
363 2354 500 2412 relictum
532 2354 564 2411 in
590 2354 681 2412 Mucii
715 2354 798 2412 libris
831 2353 960 2428 primum
991 2354 1089 2412 locum

77 2443 210 2519 obtinet,
242 2443 293 2500 sed
321 2443 455 2501 condicio
483 2443 537 2500 illa
565 2443 665 2516 legato
694 2443 811 2500 adiecta
838 2442 929 2500 etiam
957 2443 1091 2502 moribus

76 2535 217 2590 veterum
235 2531 381 2606 convenit,
400 2550 468 2589 cum
483 2531 630 2588 univiram
645 2532 733 2589 lande
748 2532 870 2606 dignam
885 2532 1089 2591 iudicaverint.

77 2620 152 2697 quid
176 2620 257 2696 quod
279 2619 311 2677 in
329 2619 491 2678 Iustiniani
511 2619 643 2695 Digestis
666 2620 798 2678 condicio
822 2621 875 2677 illa
898 2639 985 2696 saepe
1008 2639 1090 2696 repe·

76 2710 157 2767 ritnr
179 2708 215 2765 D.
236 2711 287 2786 40,
304 2711 331 2781 7,
347 2710 388 2766 42
413 2699 554 2789 (Labeo),
584 2711 634 2779 35,
654 2712 681 2783 1,
700 2711 739 2766 22
770 2714 800 2766 et
830 2710 891 2768 106
917 2701 1091 2789 (Iulianus),

78 2799 120 2857 63
146 2789 285 2877 (Gaius);
312 2799 361 2874 72,
382 2799 432 2869 74,
455 2799 516 2856 100
542 2790 762 2877 (Papinianus).

168 2886 249 2944 Iuris
277 2885 405 2944 consulti
428 2886 464 2943 de
488 2884 628 2943 Muciana
651 2887 787 2944 cautione
810 2887 925 2944 bifero
949 2890 1089 2963 egerunt:

77 2974 182 3033 Aristo
203 2966 253 3054 (D.
269 2976 320 3050 35,
338 2977 365 3049 1,
382 2968 479 3053 lpr.),
501 2974 645 3032 Neratius
668 2968 777 3054 (ibid),
800 2975 936 3033 Iulianus
956 2967 1041 3055 (ibid.
1060 2978 1092 3034 et

31 3069 35 3074 '
77 3054 293 3142 35,1,106),
321 3063 501 3136 Pomponius
525 3055 576 3144 (D.
597 3065 647 3137 35,
670 3067 696 3140 1,
719 3066 733 3120 1
760 3068 791 3122 61
814 3067 869 3122 57:
897 3063 973 3122 libro
1000 3063 1090 3120 tertio

77 3156 110 3210 61
132 3170 212 3210 nono
236 3151 274 3209 ad
293 3150 325 3220 Q.
345 3143 502 3231 Mucium),
526 3150 619 3210 Gaius
638 3145 688 3234 (D.
710 3154 804 3228 35,1,
822 3145 887 3230 10),
909 3151 1091 3227 Papinianus

78 3231 129 3320 (D.
149 3241 202 3316 35,
224 3242 251 3317 1,
271 3242 321 3316 72,
343 3242 392 3316 73,
413 3242 463 3316 77,
485 3233 563 3319 101)
587 3240 735 3314 Ulpianus
759 3234 808 3318 (l).
830 3242 880 3317 35,
903 3244 929 3316 1,
950 3231 993 3319 7).

168 3328 270 3386 Etiam
283 3328 479 3404 imperatores
494 3331 530 3386 de
545 3329 683 3386 cautione
699 3331 928 3387 constituerunt.
953 3327 1090 3402 Papinia-

75 3435 134 3475 nus
153 3417 234 3475 enim
252 3416 328 3477 libro
344 3417 578 3476 octavodecimo
594 3417 809 3486 Quaestionum
825 3410 874 3497 (D.
890 3419 941 3494 35,
953 3419 980 3493 1,
994 3419 1042 3491 72,
1056 3407 1089 3497 1)

76 3506 183 3565 scribit
213 3500 292 3565 ‘cum
319 3509 464 3582 patronus
491 3505 600 3585 liberto
629 3511 744 3566 certam
768 3507 934 3585 pecuniam
950 3506 1112 3582 legassea,
