2422 3840
314 181 340 232 8.
366 176 518 234 SERVIUS
538 175 720 232 SULPICIUS
738 177 856 233 RUFUS
1025 179 1089 242 213

470 347 515 405 De
532 347 707 420 publicanis.

169 467 244 533 146.
267 465 306 531 D.
317 464 369 548 50,
385 466 437 548 16,
450 466 525 531 203.
556 464 645 528 Idem
664 460 830 551 (Alfenus)
849 465 932 530 libro
952 468 1090 552 septimo

76 557 290 642 Digestorum
314 551 363 640 (P.
382 551 450 638 29).
494 552 533 617 In
560 555 632 638 lege
657 554 802 618 censoria
825 559 937 636 portus
962 554 1091 621 Siciliae

77 648 126 711 ita
145 645 302 728 scriptum
321 646 403 707 erat:
422 640 555 723 ‘servos
578 663 658 726 quos
677 641 807 707 domum
828 643 899 727 quis
919 643 1014 709 ducet
1032 667 1090 710 suo

77 757 150 817 usu,
171 755 233 818 pro
255 732 285 797 is
309 731 489 815 portorium
512 752 553 795 ne
577 730 674 795 dato'.
720 732 943 816 quaerebatur,
967 733 995 797 si
1019 736 1090 818 quis

81 848 101 888 a
116 823 229 889 Sicilia
247 842 357 886 servos
372 818 509 884 Romam
524 820 668 884 mitteret
680 818 773 885 fundi
789 821 970 886 instruendi
983 845 1090 904 causa,

78 917 192 979 utrum
215 932 275 996 pro
298 909 350 974 his
373 909 557 974 hominibus
580 909 762 992 portorium
786 910 861 974 dare
885 910 1015 975 deberet
1031 933 1090 977 nec

76 1025 129 1068 ne.
165 999 334 1085 respondit
356 996 436 1062 duas
459 1019 529 1062 esse
552 998 586 1060 in
608 998 669 1062 hac
692 998 853 1082 scriptura
877 1001 1090 1084 quaestiones,

76 1091 233 1176 primam,
264 1086 341 1172 quid
369 1089 454 1151 esset
483 1085 630 1151 ‘domum
658 1085 798 1168 ducere',
830 1087 981 1171 alteram,
1014 1090 1090 1173 quid

79 1181 167 1245 esset
196 1176 266 1241 ‘suo
292 1197 354 1241 usu
376 1174 512 1240 ducere'.
557 1174 659 1261 igitur
681 1177 791 1259 quaeri
815 1176 946 1260 soleret,
973 1181 1105 1262 utrum,

77 1269 136 1334 ubi
160 1265 295 1350 quisque
316 1264 482 1329 habitaret
505 1263 572 1328 sive
595 1264 629 1327 in
652 1264 819 1346 provincia
843 1266 909 1329 sive
932 1267 966 1329 in
984 1266 1090 1349 Italia,

78 1379 122 1422 an
147 1356 316 1420 dumtaxat
338 1354 372 1417 in
395 1375 453 1417 sua
477 1353 629 1436 cuiusque
653 1353 758 1436 patria
781 1353 895 1418 domus
916 1376 985 1420 esse
1004 1362 1090 1420 recte

78 1447 210 1511 dicetur.
258 1441 313 1508 sed
342 1441 381 1505 de
410 1463 448 1505 ea
477 1462 512 1505 re
536 1441 749 1506 constitutum
773 1464 842 1507 esse
866 1465 937 1507 eam
960 1444 1090 1508 domum

77 1533 253 1617 unicnique
272 1533 419 1596 nostrum
439 1529 553 1595 debere
572 1530 757 1616 existimari,
775 1531 832 1596 ubi
847 1533 983 1616 quisque
999 1533 1090 1597 sedes
1172 1602 1174 1607 ‚

78 1627 112 1688 et
141 1621 270 1688 tabulas
296 1620 433 1684 haberet
466 1635 659 1701 suarumque
687 1641 794 1683 rerum
824 1621 1090 1687 constitutionem

77 1712 219 1777 fecisset.
256 1709 332 1794 quid
352 1710 460 1772 autem
479 1711 564 1773 esset
582 1707 654 1772 ‘usu
669 1707 748 1790 suo',
767 1730 919 1793 magnam
939 1710 1090 1775 habuisse

78 1798 327 1866 dubitationem.
360 1800 392 1861 et
410 1796 517 1880 <penu
536 1797 585 1860 sui
603 1818 680 1861 usus
699 1818 796 1861 causa
809 1797 965 1882 parata>¹
984 1801 1090 1882 magis

77 1891 221 1976 placere,
248 1887 332 1972 quod
361 1887 463 1951 victus
492 1885 543 1950 sui
571 1907 669 1950 causa
695 1889 844 1969 paratum
872 1890 936 1971 est,
962 1891 1091 1951 tantum

78 1975 249 2045 contineri.
286 1976 427 2060 itemque
446 1976 485 2039 de
504 1973 603 2038 servis
623 1973 734 2038 eadem
754 1973 878 2038 ratione
898 1977 1016 2059 quaeri,
1036 1977 1090 2058 qui

80 2088 194 2134 eorum
216 2086 294 2130 usus
318 2064 368 2128 sui
391 2085 488 2128 causa
510 2061 618 2148 parati
637 2061 766 2126 essent?
798 2067 908 2125 utrum
926 2062 1091 2148 dispensa-

79 2161 176 2236 tores,
201 2153 357 2236 insularii,
377 2152 473 2236 vilici,
497 2151 664 2233 atrienses,
687 2155 831 2215 textores
850 2150 1010 2236 <tantum,
1029 2154 1092 2235 an>

80 2242 224 2330 operarii
242 2264 368 2327 quoque
387 2241 510 2325 rustici,
529 2240 584 2325 qui
603 2261 755 2324 agrorum
774 2239 980 2304 colendorum
995 2262 1091 2304 causa

77 2335 290 2413 haberentur,
326 2352 364 2395 ex
401 2330 518 2414 quibus
552 2330 639 2413 agris
670 2333 763 2413 pater
794 2328 935 2394 familias
967 2329 1090 2394 fructus

79 2425 219 2507 caperet,
237 2420 354 2504 quibus
374 2440 407 2483 se
422 2419 578 2482 toleraret
593 2414 641 2504 (se
661 2439 799 2503 suosque
814 2415 960 2504 aleret‘l),
979 2440 1090 2483 omnes

78 2512 219 2595 denique
243 2529 362 2591 servos,
377 2529 467 2591 quos
491 2507 625 2591 quisque
649 2508 789 2590 emisset,
811 2509 848 2570 ut
869 2508 937 2590 ipse
955 2507 1091 2572 haberet

79 2606 179 2685 atque
207 2597 253 2663 eis
282 2595 322 2662 ad
350 2596 494 2681 aliquam
518 2617 587 2659 rem
610 2600 753 2660 uteretur
775 2617 878 2680 neque
902 2596 973 2661 ideo
998 2596 1091 2660 emis·

79 2692 144 2768 set,
169 2692 207 2752 ut
228 2685 400 2751 venderet?
447 2688 479 2747 et
502 2685 564 2748 sibi
589 2684 688 2749 videri
713 2706 767 2749 eos
791 2685 919 2748 demum
941 2708 1018 2751 usus
1042 2686 1092 2749 sui

78 2799 178 2843 causa
210 2780 338 2859 patrem
370 2773 510 2838 familias
543 2773 676 2858 habere,
712 2775 767 2857 qui
799 2772 840 2836 ad
873 2775 940 2838 aius
977 2796 1091 2857 corpus

78 2865 236 2932 tuendum
266 2867 361 2947 atque
389 2863 492 2947 ipsius
520 2862 642 2926 cultum
671 2861 849 2946 praepositi
877 2862 1091 2946 destinatique

79 2958 202 3038 essent,
234 2974 297 3038 quo
329 2953 364 3016 in
397 2972 512 3035 genere
542 2951 747 3031 [i]unctores,
780 2949 981 3035 cubicularii,
1014 2951 1091 3033 coci,

79 3045 319 3108 ministratores
344 3044 440 3125 atque
464 3039 528 3122 alii,
551 3039 606 3123 qui
630 3038 671 3102 ad
694 3037 850 3102 eiusmodi
873 3061 966 3103 usum
985 3039 1092 3122 parati

80 3135 198 3216 essent,
221 3133 453 3194 numeraretur.
983 3138 987 3144 ·

169 3237 274 3302 Alfeni
300 3241 466 3301 orationem
499 3259 517 3298 a
544 3238 726 3298 Triboniano
758 3241 908 3297 mutatam
940 3241 971 3296 et
1000 3237 1091 3294 inter·

78 3334 215 3410 poletam
243 3347 306 3389 esse
335 3329 480 3389 existimo.
526 3329 655 3405 primum
683 3328 744 3385 iam
773 3327 864 3386 verba
892 3320 945 3386 ‘de
969 3344 1004 3384 ea
1026 3343 1092 3385 con-

80 3423 224 3482 stitutum
257 3411 336 3478 esse'
366 3418 457 3477 dubia
484 3419 618 3492 movent,
651 3405 682 3474 et
709 3434 785 3492 quae
813 3417 980 3492 sequuntur
1008 3408 1092 3472 ‘cum

153 3561 168 3609 1
192 3570 226 3610 aa
244 3553 408 3608 Mommseac'
424 3551 582 3608 coar‘eelaro
602 3551 751 3608 adlectum.
