2422 3840
326 153 350 204 8.
377 147 530 204 SERVIUS
552 147 737 205 SULPICIUS
756 150 873 206 RUFUS
1040 152 1108 216 225

86 316 291 395 egentiliciis
319 318 412 377 saeris
440 317 584 376 liberasse
607 320 709 394 putat3
742 319 844 394 potius
868 319 1100 380 detestationem

84 407 169 466 illam
195 407 351 483 proprium
379 406 537 484 negotium
566 407 660 466 fuisse
694 411 724 465 et
758 407 797 465 ad
823 409 986 467 familiaria
1013 428 1100 469 sacra

84 495 266 573 pertinuisse
285 495 427 571 explicat:
452 487 505 553 ‘Es
524 495 638 570 spricht
655 495 754 555 nichts
772 497 915 574 dagegen,
938 499 1005 557 dass
1023 501 1101 558 nach

85 584 328 661 gutheissendem
346 584 462 643 Dekret
484 582 538 642 der
556 584 716 644 Pontifices
741 585 794 643 der
815 605 852 644 zu
875 585 1100 662 Adoptisrende

84 672 177 732 durch
196 673 255 732 den
270 673 333 732 Ake
352 673 405 732 der
420 672 604 749 Arrogation
623 673 726 749 selbst,
751 675 828 733 ohne
852 675 917 733 sine
937 676 1102 736 besondere

84 761 275 839 bossagung,
303 780 357 821 eus
380 761 433 820 der
456 761 627 838 bisherigen
645 781 720 839 gens
744 764 833 822 bezw.
853 764 908 822 der
926 765 1101 825 Teilnahms

84 840 120 908 an
144 852 237 909 deren
261 869 345 910 sacra
367 849 527 909 ausschied
549 850 612 908 und
635 850 667 908 in
691 851 739 908 die
759 870 836 911 neue
855 871 929 929 gens
953 854 1102 913 ubertrst.

83 937 154 998 Was
179 939 252 999 aber
275 940 323 998 die
347 957 432 998 saera
456 938 619 997 familiaria
642 941 764 1017 angeht,
791 959 823 1000 so
847 942 971 1000 klsbten
995 943 1038 1001 sis
1063 961 1103 1002 en

83 1027 134 1087 der
162 1029 334 1088 saohlichen
357 1027 486 1102 familia,
519 1028 561 1087 sis
588 1027 690 1087 trafen
719 1029 789 1105 den,
823 1031 952 1090 welcher
976 1030 1103 1107 Subject

83 1115 180 1176 dieser
207 1118 324 1177 familia
346 1109 471 1177 wurdc'.
518 1161 551 1175 ..
576 1109 699 1176 ‘Diesen
723 1119 956 1178 verschiedeneu
981 1119 1102 1196 Spuren

82 1206 157 1265 nach
179 1225 244 1266 war
267 1207 314 1265 die
343 1225 497 1265 sacrorum
519 1205 681 1265 detestatio
710 1207 759 1264 ein
784 1207 1006 1286 selbstalndiger
1028 1208 1101 1281 Ake,

82 1295 225 1354 wodurch
248 1295 297 1354 ein
319 1294 482 1354 rdmisoher
505 1294 622 1370 Biirger
645 1295 723 1371 sich,
752 1295 844 1357 beaw.
868 1297 949 1356 scine
973 1297 1100 1374 familia,

82 1402 139 1442 von
162 1384 221 1443 den
240 1384 349 1442 darauf
365 1383 529 1442 haftenden
552 1401 638 1442 sacra
656 1384 842 1443 freimachen
865 1387 926 1444 und
945 1386 1100 1445 diesslben

82 1465 278 1550 (vermutlich
296 1474 344 1531 fur
363 1473 429 1531 elne
448 1464 644 1553 Vergfltung)
669 1472 764 1532 durch
790 1473 855 1532 eine
880 1475 1034 1534 seierIIche

81 1561 255 1639 Erkldrung
277 1562 334 1620 auf
353 1561 440 1619 einen
463 1561 576 1619 andern
593 1563 777 1639 ilbertragen
797 1559 931 1623 konnte'.
970 1564 1009 1623 ad
1029 1584 1102 1624 oon·

80 1649 257 1709 firmandam
284 1651 361 1709 hanc
390 1649 570 1708 sententiam
597 1650 746 1725 respicere
775 1651 862 1710 iubet
891 1656 921 1711 et
948 1651 1101 1713 Ciceronis

80 1739 171 1798 verba
195 1730 252 1819 (or.
271 1730 432 1817 42,144):
457 1732 506 1797 ‘an
530 1739 640 1814 quibus
658 1738 761 1798 verbis
781 1757 936 1800 sacrorum
955 1742 1101 1801 alienatio

79 1827 140 1904 fiat,
159 1827 266 1887 docere
284 1829 445 1887 honestum
463 1829 517 1901 est,
536 1832 572 1886 ut
593 1821 649 1886 est'
666 1831 696 1885 et
711 1829 930 1903 coemptionem
944 1847 1101 1890 sacrorum

78 1916 346 1991 interimendorum
368 1917 467 1994 gratia
490 1917 610 1975 factam.

166 2004 231 2063 Alii
258 2004 386 2082 denique
414 2023 569 2064 sacrorum
597 2003 828 2063 detestationem
860 2005 893 2063 in
920 2007 1098 2064 transitione

78 2093 116 2152 ad
137 2094 259 2170 plebem
282 2095 384 2153 Iocum
405 2094 546 2153 habuisse
569 2095 689 2168 putant,
714 2112 806 2169 quam
832 2093 1004 2167 opinionem
1028 2096 1100 2153 olim

79 2182 172 2242 etiam
195 2183 360 2242 Mommsen
389 2185 509 2241 secutus
539 2185 598 2258 est3
626 2181 714 2240 hodie
745 2182 792 2241 vir
820 2181 1012 2242 doctissimus
1035 2183 1055 2240 I.
1075 2202 1100 2242 c.

78 2270 311 2330 detestationem
333 2291 402 2330 cum
425 2271 456 2329 in
480 2271 660 2330 transitione
678 2274 745 2330 tum
766 2271 904 2346 inprimis
922 2271 955 2329 in
974 2271 1101 2349 adroga-

76 2360 160 2419 tione
184 2360 352 2420 adhibitam
375 2378 439 2419 esss
465 2359 563 2419 docet.

505 2563 614 2622 Liber
636 2565 675 2624 H.

167 2680 247 2748 (tell.
265 2683 294 2764 7,
310 2684 350 2747 12
369 2683 389 2762 ἓ
406 2683 434 2746 1.
458 2680 588 2746 Servius
608 2681 771 2766 Sulpicius
793 2683 1098 2749 iureconsultus...

77 2771 110 2836 iu
140 2771 226 2836 libro
259 2771 297 2834 de
328 2772 429 2835 sacris
459 2771 655 2835 detestandis
686 2772 843 2854 secund0,
877 2795 942 2856 qua
969 2773 1099 2836 ratione

76 2860 234 2925 adductus
254 2858 509 2924 ‘testamentum'
534 2861 669 2924 verbum
688 2881 758 2925 esse
780 2860 899 2944 duplex
920 2861 1099 2945 scripserit,

76 2971 142 3013 non
169 2949 305 3033 reperio.
358 2970 432 3012 nam
465 2949 681 3032 compositum
711 2970 780 3013 esse
817 2949 898 3014 dixit
929 2972 948 3012 a
979 2949 1097 3013 mentis

76 3039 327 3102 contestatione.

166 3157 203 3217 of.
227 3157 295 3234 Ulp.
315 3158 350 3215 fr.
371 3160 464 3233 20,1
500 3152 734 3216 ‘testamentum
764 3159 811 3216 est
841 3157 950 3215 mentis
977 3160 1098 3216 nostrae

75 3247 158 3307 iusta
180 3247 359 3306 contestatio
383 3241 426 3306 ..'
462 3246 563 3306 Labeo
587 3246 624 3304 D.
641 3248 691 3323 28,
709 3248 772 3323 1,2
800 3239 842 3303 ‘in
869 3264 903 3304 eo
927 3245 979 3322 qui
1002 3248 1097 3303 testa-

75 3336 135 3409 tur,
155 3336 220 3394 eius
240 3336 384 3411 temporis
404 3356 460 3412 quo
475 3337 691 3394 testamentum
705 3335 788 3411 facit,
807 3334 971 3408 integritas
988 3334 1096 3393 mentis

78 3425 278 3502 ..exigenda
303 3417 374 3484 est'.
424 3425 584 3484 Iavolenus
607 3425 643 3484 D.
664 3426 715 3499 35,
741 3426 769 3501 1,
794 3425 847 3498 40,
874 3424 892 3481 3
925 3416 999 3500 ‘ego
1022 3427 1096 3498 puto

77 3515 242 3573 seeundum
264 3516 395 3573 mentem
419 3514 578 3574 testatoris
600 3558 630 3574 ..
653 3513 855 3592 spectandum
876 3505 969 3571 esse’.

121 3620 215 3668 Iurr'spn
231 3622 470 3667 antonomatice.
486 3627 592 3670 Bremcr.
868 3617 909 3668 lb
