2422 3840
369 187 395 238 5.
419 181 446 237 Ο.
463 181 665 238 TREBATIUS
685 181 800 237 TESTA
1023 181 1088 246 379

80 345 204 409 vinciae
227 366 331 428 neque
354 345 469 409 aetatis
497 345 602 430 magis
630 345 781 410 idoneum
808 349 949 429 tempus,
977 345 1004 409 si
1027 344 1089 410 hoc

81 433 239 514 amiseris,
267 437 300 497 te
328 454 397 497 esse
425 434 527 497 ullum
554 432 706 518 umquam
734 437 944 517 reperturum.
994 432 1090 518 ‘boc',

82 522 349 605 quemadmodum
376 543 433 587 vos
462 523 600 587 scribere
628 523 742 587 soletis
774 523 809 585 in
840 522 955 586 vestris
987 522 1089 605 libris,

80 611 177 674 ‘idem
201 611 237 685 Q.
261 608 411 675 Cornelio
434 610 623 676 videbatur.'
673 611 707 674 in
729 610 932 675 Britanniam
955 613 987 674 te
1015 620 1088 694 pro·

80 698 200 762 fectum
237 719 304 762 non
340 719 410 763 esse
446 699 570 784 gaudeo
687 700 744 765 ubi
780 700 824 764 sis
861 699 1089 764 hibernaturus

78 791 288 962 pplpuamppe
316 790 372 852 aut
399 788 597 872 condicione,
626 788 807 872 perscribas
836 788 876 852 ad
903 809 955 852 me
983 788 1088 855 velim.

163 927 171 959 7

170 984 198 1047 7.
220 981 264 1048 M
274 979 386 1047 Oicero
405 1004 429 1046 s.
440 982 469 1046 d.
479 976 641 1047 Trebatio.
655 1018 692 1028 -
706 982 865 1067 ...quod†
875 982 908 1046 in
917 980 1089 1048 Britannia

78 1093 143 1136 non
167 1072 265 1136 nimis
287 1072 475 1153 φιλοθέωρον
499 1074 531 1134 te
554 1071 747 1153 praebuisti,
776 1071 871 1154 plane
894 1093 961 1135 non
984 1093 1089 1155 repre·

39 1230 40 1234 ,
79 1160 195 1244 hendo,
218 1182 304 1225 nunc
327 1181 402 1225 vero
425 1164 461 1224 in
483 1159 626 1224 hibernis
644 1159 784 1224 intectus
802 1159 883 1223 mibi
901 1160 1089 1226 videris...

79 1250 156 1332 quid
189 1250 295 1333 agatis
328 1254 361 1313 et
393 1249 506 1332 ecquid
537 1249 573 1312 in
602 1247 732 1312 Italiam
763 1248 888 1313 venturi
922 1248 993 1312 sitis
1025 1249 1087 1314 hac

80 1338 198 1421 bieme,
225 1338 277 1401 fac
304 1337 400 1420 plane
424 1338 533 1402 sciam.
579 1335 702 1401 Balbus
726 1336 807 1401 mibi
830 1336 1034 1402 confirmavit
1055 1344 1088 1402 te

79 1426 212 1491 divitem
244 1426 397 1490 futurum.
451 1427 484 1490 id
516 1430 623 1490 utrum
656 1424 804 1490 Romano
837 1447 925 1490 more
957 1426 1087 1491 locutus

79 1517 135 1596 sit,
163 1515 244 1579 bene
267 1518 470 1579 nummatum
494 1517 527 1578 te
550 1513 711 1596 futurum,
734 1535 776 1578 an
800 1514 961 1598 quomodo
985 1513 1086 1580 Stoici

78 1605 200 1682 dicunt,
234 1625 347 1667 omnes
379 1624 448 1667 esse
481 1603 608 1687 divites,
641 1603 695 1685 qui
728 1603 818 1668 caelo
851 1605 883 1667 et
909 1607 997 1668 terra
1024 1603 1087 1668 frui

78 1693 218 1776 possint,
255 1695 369 1775 postea
400 1691 516 1756 videbo
633 1694 762 1755 constat
793 1739 828 1756 ..
854 1692 939 1757 inter
976 1714 1087 1758 omnes

78 1783 238 1844 neminem
265 1789 297 1845 te
326 1801 390 1843 uno
420 1777 665 1844 Samarobrivae
693 1780 772 1845 iuris
796 1779 982 1863 peritiorem
1007 1803 1085 1846 esse.

79 1869 165 1955 (Vll,
187 1867 241 1954 16)

168 1977 198 2039 8.
226 1973 338 2040 Cicero
363 1997 387 2037 s.
405 1975 434 2039 d.
454 1973 617 2039 Trebatio.
631 2009 675 2021 -
689 1972 769 2060 Legi
788 1978 861 2038 tuas
884 1975 1023 2060 litteras,
1047 1999 1085 2040 ex

79 2064 195 2146 quibus
228 2063 371 2127 intellexi
404 2069 437 2126 te
465 2062 597 2129 Caesari
625 2070 737 2128 nostro
768 2062 860 2127 valde
891 2064 1087 2129 iureconsul-

78 2156 148 2216 tum
176 2151 276 2215 videri
374 2151 468 2215 valde
495 2158 617 2232 metuo,
649 2173 690 2215 ne
720 2151 841 2236 frigeas
869 2153 903 2215 in
927 2151 1086 2236 hibernis,

79 2241 288 2324 quamobrem
316 2241 441 2305 camino
470 2240 634 2305 luculento
662 2240 818 2304 utendum
844 2262 971 2306 censeo:
1001 2241 1087 2305 idem

77 2329 184 2396 Mucio
202 2334 235 2392 et
250 2328 385 2394 Manilio
401 2330 551 2412 placebat
649 2332 685 2392 tu
709 2329 744 2392 in
766 2350 800 2392 re
824 2329 960 2393 militari
982 2331 1086 2395 multo
1152 2346 1154 2348 ’

79 2441 112 2483 es
132 2418 255 2482 cautior
270 2439 366 2501 quam
380 2419 415 2482 in
430 2418 705 2495 advocationibus,
720 2416 774 2501 qui
788 2439 890 2500 neque
904 2418 938 2482 in
958 2417 1086 2484 Oceano

77 2511 190 2572 natare
218 2507 369 2588 volueris,
397 2506 651 2571 studiosissimus
679 2506 776 2571 homo
804 2507 953 2585 natandi,
982 2529 1086 2592 neque

78 2602 224 2679 spectare
248 2595 425 2660 essedarios
523 2592 615 2680 (VII,
636 2590 692 2681 10)

493 2786 669 2872 awffi&

166 2913 195 2978 9.
225 2911 336 2978 Cicero
360 2912 522 2978 Trebatio.
537 2950 579 2958 —
598 2910 673 2977 Nisi
696 2917 771 2978 ante
794 2913 900 2979 Roma
922 2915 1085 2998 profectus

77 3025 173 3086 esses,
196 3024 280 3066 nunc
305 3023 375 3066 eam
399 3010 483 3066 certe
506 3001 714 3085 relinqueres,
761 3003 833 3085 quis
857 3003 942 3067 enim
965 3008 1017 3067 tot
1038 3007 1086 3067 in·

77 3091 236 3175 terragnis
255 3091 506 3155 iureconsultum
527 3089 710 3155 desiderat?
743 3111 804 3174 ego
824 3091 983 3175 omnibus,
1002 3093 1085 3157 unde

78 3181 215 3263 petitur,
248 3179 309 3244 hoc
337 3178 464 3243 consilii
491 3179 646 3262 dederim,
674 3182 711 3242 ut
741 3201 760 3243 a
788 3179 924 3264 singulis
952 3181 1085 3246 interre-

78 3269 174 3352 gibus
220 3269 315 3333 binas
361 3267 588 3332 advocationes
633 3268 811 3349 postulent:
858 3268 978 3333 satisne
1024 3269 1086 3335 tibi

79 3357 189 3421 videor
212 3358 269 3420 abs
292 3360 324 3420 te
347 3356 397 3420 ius
421 3355 514 3421 civile
539 3355 710 3420 didicisse?
811 3357 937 3420 consuli
956 3357 1086 3441 quidem

77 3448 111 3507 te
144 3468 164 3508 a
196 3442 333 3529 Caesare
362 3445 474 3509 scribis
591 3445 618 3508 si
651 3443 772 3510 diutius
799 3444 921 3510 frustra
958 3445 1087 3530 afueris,

77 3555 144 3598 non
167 3533 262 3597 modo
286 3531 468 3617 Laberium,
492 3533 547 3597 sed
570 3534 670 3598 etiam
692 3533 844 3599 sodalem
854 3533 1104 3596 nostrumda-
