2422 3840
329 169 371 221 13.
396 164 433 219 M.
452 162 573 220 IUNlUS
593 163 836 221 GRACCHANUS
1041 163 1084 228 39

168 329 196 392 7.
228 327 311 393 Ibid.
334 327 372 392 de
395 327 429 392 L.
448 327 484 392 L.
506 327 536 412 5,
551 327 581 412 9,
595 327 646 393 55.
671 363 712 374 -
734 326 882 410 Luceres,
904 331 941 393 ut
963 325 1085 413 Iunius,
1136 395 1138 399 ,

77 441 98 482 a
120 417 315 481 Lucumone.
431 464 433 468 ,

168 505 198 571 s.
229 504 312 569 Pin.
339 505 370 569 h.
397 527 427 569 n.
455 504 512 587 33,
530 473 582 570 35.
614 541 658 552 -
690 501 818 570 oneres
851 504 909 570 suu
943 504 1083 570 somno

77 593 273 680 regibusque
310 597 386 658 sunt
417 593 585 678 appellati,
622 592 734 658 deinde
766 593 935 677 flexuntes,
971 597 1086 688 ΡΨ

77 691 221 773 trossuli,
240 712 312 757 oum
326 690 479 775 oppidum
493 691 527 754 in
543 689 658 755 Tuscis
672 690 753 755 citra
767 689 933 755 Volsinios
948 690 1085 775 p.VHll

67 783 149 846 sine
177 781 244 845 ullo
270 779 414 864 peditum
442 779 627 844 adiumento
650 780 812 863 cepissent
834 779 902 844 eius
925 779 1084 863 vocabuli,

76 870 174 955 idque
208 868 337 934 duravit
365 869 452 932 ultra
480 866 514 934 0.
543 866 730 933 Gracchum.
782 866 894 932 lunius
926 871 1013 933 oerte

79 960 236 1041 scriptum
275 956 406 1042 reliquit
446 956 497 1020 his
539 956 658 1021 verbis:
700 955 805 1036 ‘Quod
843 957 886 1021 ad
922 961 1086 1039 equestrem
1128 1020 1129 1023 ,

77 1048 217 1113 ordinem
243 1047 363 1130 atina,
389 1051 481 1111 unna
509 1046 653 1110 trossulos
679 1045 838 1128 uocatam,
865 1065 947 1110 nuno
971 1046 1085 1131 aquius

77 1141 187 1202 vocant
212 1135 278 1199 ideo
304 1136 380 1216 quia
405 1155 469 1198 uon
495 1134 681 1218 intelliquut,
709 1134 854 1199 trossulos
878 1155 988 1199 nomen
1010 1135 1087 1217 quid

76 1225 181 1291 valeat
200 1223 369 1306 multosque
384 1223 482 1306 pudet
502 1243 534 1287 eo
557 1224 679 1287 nomine
701 1221 863 1306 appellari
888 1226 920 1288 et
945 1244 1086 1306 oausam,

78 1335 162 1398 quae
175 1309 283 1396 'supra
305 1312 446 1376 indicata
468 1315 526 1395 est,
549 1311 681 1395 exponit
703 1312 885 1396 invitosque
909 1312 1086 1376 etiamnum

77 1406 189 1466 tamon
212 1401 369 1465 trossulos
392 1400 508 1465 vocari.

169 1490 200 1556 9.
222 1487 328 1554 Varro
352 1488 390 1552 de
408 1487 443 1553 L.
463 1487 498 1554 L.
517 1489 546 1572 6,
560 1489 611 1554 95.
640 1525 678 1536 —
708 1489 770 1553 hoo
798 1486 971 1575 (inlicium)
998 1510 1084 1554 nune

79 1579 177 1643 aliter
204 1577 242 1642 fit
269 1582 364 1662 atque
392 1578 483 1659 olim,
510 1577 596 1662 quod
624 1597 727 1661 augur
754 1577 878 1643 consuli
902 1579 992 1643 adest
1015 1581 1086 1643 tum

78 1689 154 1733 eum
186 1667 344 1731 exercitus
375 1666 552 1750 imperatur
584 1687 621 1730 ao
647 1666 752 1751 praeit
778 1666 854 1751 quid
882 1687 954 1732 eum
982 1664 1085 1731 dicere

71 1759 232 1840 'oporteat
261 1755 379 1819 consul.
427 1754 541 1839 auguri
568 1754 726 1837 imperare
755 1757 849 1837 solet,
877 1759 915 1820 ut
939 1755 1084 1839 inlioium

78 1847 187 1928 vocet,
213 1865 279 1908 non
306 1864 438 1908 ascenso
467 1847 523 1906 aut
549 1843 714 1926 praeconi3
740 1842 773 1906 id
797 1843 958 1928 inceptum
983 1844 1085 1926 oredo,

79 1955 154 2000 oum
181 1953 246 1997 non
275 1932 400 1996 adesset
423 1952 588 2012 aseensus,
616 1934 648 1993 et
670 1930 752 1994 nihil
774 1931 929 1996 intererat
952 1937 1003 1996 oui
1024 1933 1085 1995 im-

78 2024 221 2107 peraret,
253 2023 286 2085 et
314 2020 391 2084 dieis
420 2041 517 2084 eausa
543 2018 666 2082 fiebant
693 2019 848 2102 quaedam
875 2042 978 2104 neque
1006 2020 1084 2084 item

79 2111 169 2176 facta
196 2130 299 2193 neque
325 2109 404 2174 item
432 2109 518 2172 dieta
546 2127 680 2192 semper.
726 2107 787 2172 hoo
811 2107 919 2191 ipsum
941 2107 1084 2172 inlieium

78 2200 238 2283 seriptum
255 2197 365 2262 inveni
383 2198 416 2260 in
435 2195 477 2261 M.
497 2194 582 2261 Iunii
601 2197 850 2279 commentariis,
871 2196 956 2282 quod
975 2199 1084 2261 tamen

78 2288 128 2354 ibi
151 2288 236 2351 idem
259 2292 309 2350 est
332 2286 416 2370 quod
439 2286 532 2350 illicit
555 2288 589 2350 et
611 2285 715 2350 illexit

172 2376 223 2440 10.
248 2373 489 2458 Ge11.14,8,1.
513 2409 555 2420 -
578 2373 778 2438 Praefectum
800 2373 874 2438 urbi
896 2372 1085 2440 Latinarum

78 2486 179 2531 nausa
208 2463 355 2528 relictum
389 2466 537 2528 senatum
569 2462 688 2528 habere
716 2484 813 2547 posse
839 2463 951 2528 Iunius
979 2470 1086 2549 negat,

79 2553 235 2638 quoniam
269 2573 311 2616 ne
347 2554 477 2616 senator
513 2551 640 2636 quidem
674 2552 716 2616 sit
749 2573 852 2636 neque
884 2551 934 2617 ius
966 2552 1086 2618 habeat

80 2641 260 2708 sententiae
283 2639 445 2723 dicendae,
470 2662 541 2705 oum
566 2661 604 2704 ex
627 2662 664 2705 ea
688 2642 793 2704 aetate
815 2639 997 2724 praelautus
1020 2643 1087 2727 fiat,

80 2752 163 2817 quae
186 2750 251 2794 non
276 2729 319 2793 sit
341 2727 511 2793 senatoria.

173 2819 222 2883 11.
254 2816 340 2882 Fest.
364 2841 391 2882 v.
414 2817 544 2901 publica
570 2817 713 2900 pondera
735 2840 764 2901 p.
789 2817 863 2882 246.
889 2854 927 2865 -
953 2818 1087 2887 Publica

80 2908 225 2993 pondera
252 2905 314 2988 <nd
341 2905 520 2990 legitimam
547 2927 694 2971 normam
722 2909 835 2970 exacta
865 2908 956 2993 esse>
985 2932 1023 2974 ex
1050 2933 1088 2976 ea

79 3018 179 3062 eausa
206 2994 316 3059 lunius
343 2994 377 3058 in
485 2993 654 3079 <oolligi>t
681 2994 765 3078 quod
793 2995 856 3060 duo
882 2993 965 3080 Silii,
992 2997 1027 3063 P.
1056 3005 1088 3066 et

81 3085 139 3166 M„
167 3084 241 3148 trib.
263 3083 360 3167 pleb.,
387 3087 544 3166 rogarunt
567 3082 619 3147 his
642 3083 763 3147 verbis:
790 3083 1087 3155 exposuimus

80 3189 254 3254 PUBLIOIS,
282 3189 406 3248 omaus
433 3188 503 3236 Huc
526 3189 753 3236 rumrnssssu
777 3188 933 3238 popurus
958 3191 1088 3242 ourmn

75 3279 211 3343 sonus,
237 3279 298 3324 uss
327 3276 558 3337 consensius
586 3278 625 3325 su
653 3277 748 3326 nouo
777 3278 888 3343 usne,
915 3280 974 3326 uur
1003 3283 1086 3340 ouu-

81 3367 248 3416 nssussn
271 3366 346 3412 V1u1
370 3365 573 3413 ocsoeruus
595 3366 715 3413 Pouuo
737 3366 823 3432 slus,
845 3364 1100 3417 coneursum

81 3456 203 3505 nucum
221 3435 368 3522 r(onno)
388 3454 472 3522 sius,
494 3455 559 3504 sax
578 3454 729 3504 susurru
747 3455 906 3505 sonorus
922 3455 1007 3503 sunu
1023 3454 1130 3510 ursi,

82 3543 467 3603 Duonnouruousffluun
486 3547 645 3599 summ
666 3547 873 3613 (susurrus
879 3544 931 3592 rur
947 3541 1036 3590 siun:
1049 3531 1156 3579 um·
