2422 3840
307 124 333 175 8.
360 118 514 175 saavlas
534 118 718 176 SULPICIUS
736 120 853 177 RUFUS
1023 122 1086 186 143

84 288 184 348 maiore
206 288 310 348 studio
327 307 507 365 quemquam
525 306 621 363 neque
640 289 817 348 iustioribus
837 290 873 348 de
893 293 990 350 causis
1005 310 1084 351 com·

84 378 215 436 uendere
238 377 353 452 possim
452 376 603 452 spondebo
628 423 655 435 ..
680 378 735 435 tibi
758 379 807 436 vel
830 378 930 452 potius
954 382 1084 454 spondeo

83 464 106 522 in
125 484 235 541 meque
259 466 384 543 recipio,
408 483 458 535 eos
482 484 546 524 esse
569 465 617 524 Μ]
641 464 724 524 Curii
747 486 844 525 mores
869 486 992 544 eamque
1017 489 1083 528 oum

83 555 257 628 probitatem
279 558 344 614 tum
373 555 463 613 eliam
490 554 721 632 humanitatom,
750 559 785 614 ut
808 575 875 614 eum
900 560 931 615 et
953 558 1085 617 amicitia

83 652 126 701 lua
147 646 179 702 et
201 646 270 701 tam
292 646 433 703 accurata
456 643 723 720 commendatione,
748 644 773 701 si
795 644 852 703 tibi
876 645 915 703 sit
938 647 1084 722 cognitae,

83 726 198 807 dignum
224 733 266 791 sie
290 732 517 791 existimaturue
541 726 582 790 ..'
607 725 659 811 (ad
682 733 751 790 fam.
773 735 822 804 13,
846 728 910 811 17).

159 816 252 879 ‘Cum
278 820 397 898 Lysone
424 821 561 879 Patrensi
594 825 640 879 est
670 822 742 878 mihi
771 822 892 897 quidem
920 823 1084 898 hospitium

80 912 167 986 retus,
192 928 285 987 quam
309 929 364 987 ego
388 909 636 969 necessitudinem
657 914 758 968 sancte
780 912 934 970 colendam
952 916 1025 987 puto

79 1001 142 1057 ate
161 998 381 1075 contendimus,
404 1002 439 1057 ut
453 998 602 1075 Lysonem
619 998 650 1056 iu
670 998 757 1056 fidem
777 1000 1083 1078 necessitudinemque

78 1090 155 1145 tunm
185 1087 316 1163 recipias
345 1132 374 1147 ..
400 1091 497 1145 totam
524 1087 581 1145 tibi
610 1086 731 1144 domum
758 1090 945 1165 commendo,
977 1089 1008 1146 in
1037 1091 1083 1148 his

76 1176 331 1236 adolescentulum
358 1176 453 1235 filium
481 1177 557 1252 eius,
584 1194 675 1250 quem
704 1175 734 1234 0.
757 1175 892 1236 Maenius
922 1176 1083 1250 Gemellus,

76 1265 162 1324 cliens
186 1283 282 1342 meus,
306 1283 374 1323 cum
397 1265 429 1322 in
451 1264 623 1324 calamitate
647 1264 744 1322 exsilii
768 1266 815 1324 sui
832 1265 984 1325 Patrensis
1008 1268 1081 1326 civis

73 1353 171 1413 fectus
195 1358 284 1431 esset,
308 1353 495 1412 Patrensium
519 1353 638 1430 legibue
661 1353 825 1428 adoptavit,
848 1359 884 1412 ut
903 1355 966 1413 eius
987 1355 1084 1431 ipsius

10 1444 14 1457 ¹
73 1441 250 1501 hereditatis
277 1443 325 1501 ins
351 1460 531 1519 causamque
558 1444 661 1500 tueare
686 1436 750 1502 ...⁹
780 1434 833 1522 (ad
857 1439 1082 1523 fam.13,19).

160 1525 340 1606 ‘Asclapone
362 1531 499 1590 Patrensi
521 1530 635 1589 medico
659 1534 729 1589 utor
746 1533 935 1591 familiariter
959 1534 1083 1610 eiusque

71 1638 139 1678 cum
163 1619 348 1679 consuetudo
371 1620 446 1678 mihi
467 1619 598 1678 iucunda
618 1619 689 1696 fuit,
712 1622 777 1678 tum
797 1640 845 1679 ars
866 1622 969 1697 etiam,
993 1642 1083 1698 quam

71 1726 137 1767 sum
161 1712 304 1785 expertus
327 1709 358 1767 in
380 1708 553 1768 valetudiue
577 1727 711 1767 meorum
810 1711 888 1768 hune
911 1711 1007 1788 igitur
1025 1712 1081 1770 tibi

70 1797 245 1857 commendo
270 1789 312 1857 ..'
335 1789 420 1877 (ibid.
442 1799 491 1874 13,
513 1793 576 1875 20).

160 1880 216 1945 Ἥ.
243 1886 392 1945 Aemilius
419 1886 555 1944 Avienus
584 1887 621 1944 ab
653 1887 776 1945 ineunte
805 1887 1006 1945 adolescentia
1034 1907 1081 1945 me

70 1975 244 2035 observavit
275 1993 449 2051 semperque
478 1975 594 2051 dilexit,
628 1976 674 2034 vir
702 1995 770 2034 cum
797 1976 893 2033 bonus
921 1982 986 2040 tum
1014 1995 1082 2050 per-

69 2065 222 2122 humanus
247 2109 275 2122 ..
299 2083 388 2139 quem
412 2064 438 2122 ei
460 2064 624 2122 arbitrarer
644 2083 707 2123 esse
727 2063 853 2140 Sicyone
873 2066 903 2121 et
921 2063 979 2121 nisi
998 2064 1081 2120 audi-

69 2173 131 2211 rem
148 2152 274 2211 ibicum
290 2153 467 2227 etiamnunc,
483 2153 536 2210 ubi
551 2171 606 2230 ego
621 2154 738 2230 reliqui,
754 2151 881 2228 Cibyrae
897 2152 1083 2224 commorari,

68 2242 147 2300 nihil
169 2244 252 2300 esset
273 2259 394 2300 necesse
416 2241 504 2316 plura
527 2261 574 2299 me
594 2242 630 2300 ad
650 2245 680 2301 te
704 2243 740 2300 de
760 2261 793 2300 eo
818 2240 949 2300 scribere
1030 2240 1082 2298 sed

68 2349 136 2389 cum
151 2330 240 2388 illum
255 2331 359 2389 abesse
373 2336 484 2405 putem,
501 2333 673 2389 commendo
688 2330 745 2389 tibi
759 2331 790 2388 iu
805 2330 947 2389 maiorem
961 2329 1081 2387 modum

69 2419 192 2478 domum
211 2418 284 2493 eius,
303 2438 378 2494 quae
395 2422 441 2477 est
458 2418 592 2494 Sicyone,
610 2440 733 2496 remque
748 2419 935 2496 familiarem,
954 2419 1081 2477 maxime

69 2506 101 2566 C.
119 2508 275 2568 Avianum
293 2507 506 2566 Hammonium
529 2507 673 2567 libertum
696 2510 761 2566 eius
781 2551 787 2565 .
805 2555 810 2566 .
831 2528 898 2566 cum
920 2512 1083 2584 propterea

68 2597 146 2654 mihi
168 2598 215 2655 eet
237 2597 392 2671 probatus,
415 2595 495 2672 quod
519 2599 565 2654 eet
587 2597 618 2653 in
641 2600 802 2673 patronum
822 2615 910 2656 suum
929 2597 1027 2655 officio
1051 2600 1082 2655 et

68 2684 127 2744 fide
151 2685 308 2762 singulari,
331 2687 396 2743 tum
420 2686 510 2743 etiam
534 2685 566 2743 in
584 2705 631 2743 me
650 2687 748 2761 ipsum
768 2705 876 2762 magna
896 2685 995 2744 officia
1013 2705 1079 2744 eon·

67 2774 143 2832 tulit
165 2773 299 2848 mihique
322 2773 542 2832 molestissimis
566 2775 750 2850 temporibus
773 2775 818 2834 ita
841 2775 971 2833 fideliter
994 2775 1081 2832 bene-

68 2863 197 2939 voleque
216 2866 336 2937 praesto
356 2862 424 2938 fuit,
442 2867 478 2921 ut
496 2864 521 2920 ei
542 2882 624 2921 ame
643 2864 843 2922 manumissus
859 2868 945 2922 esset.
977 2864 1080 2938 itaque

68 2954 139 3026 peto
163 2970 182 3010 a
204 2956 249 3028 te,
275 2953 310 3009 ut
333 2969 401 3009 eum
425 2954 455 3009 et
478 2951 650 3026 inpetrari
674 2953 738 3012 eius
761 2952 882 3029 negotio
907 2953 949 3010 sic
968 2956 1080 3026 tueare,

68 3046 103 3098 ut
126 3038 191 3099 eius
214 3043 449 3118 procuratorem,
472 3060 562 3117 quem
584 3042 640 3100 tibi
662 3041 834 3100 commendo
859 3043 889 3098 et
907 3040 1005 3115 ipsum
1026 3057 1079 3097 suo

68 3129 188 3188 nomine
202 3128 314 3202 diligas
323 3128 495 3204 habeasque
508 3130 539 3187 in
548 3149 671 3188 numero
681 3133 803 3188 tuorum
815 3122 846 3188 ..'
862 3121 1081 3207 (ibid.13,21).

157 3211 208 3277 ‘T.
236 3217 396 3294 Manlium,
428 3219 479 3293 qui
507 3219 679 3294 negotiatur
708 3217 858 3292 ThespiiS,
891 3217 1081 3275 vehementer

66 3306 160 3382 diligo
260 3306 465 3382 gratissimum
492 3307 587 3384 igitur
614 3307 687 3365 mihi
710 3306 827 3382 feceris,
856 3305 882 3361 ei
905 3304 975 3362 huic
1000 3322 1078 3363 com-

65 3394 254 3455 mendationi
276 3413 361 3453 meae
383 3398 502 3453 tantum
525 3396 681 3470 tribueris,
704 3397 851 3470 quantum
874 3393 923 3451 cui
945 3392 1080 3451 tribuisti

64 3484 239 3560 plurimum,
260 3483 292 3541 id
311 3485 366 3559 est,
385 3484 411 3543 si
429 3484 461 3543 Τ.
478 3485 622 3543 Manlium
637 3502 727 3561 quam
741 3483 878 3560 maxime,
897 3482 1080 3560 quibuscun-
