<?xml version="1.0" encoding="UTF-8"?>
<!DOCTYPE html PUBLIC "-//W3C//DTD XHTML 1.0 Transitional//EN"
    "http://www.w3.org/TR/xhtml1/DTD/xhtml1-transitional.dtd">
<html xmlns="http://www.w3.org/1999/xhtml" xml:lang="en" lang="en">
 <head>
  <title>
</title>
<meta http-equiv="Content-Type" content="text/html;charset=utf-8" />
  <meta name='ocr-system' content='tesseract 3.04.00' />
  <meta name='ocr-capabilities' content='ocr_page ocr_carea ocr_par ocr_line ocrx_word'/>
</head>
<body>
  <div class='ocr_page' id='page_1' title='image "./iurisprudentiae00bremgoog_0415.png"; bbox 0 0 2422 3840; ppageno 0'>
   <div class='ocr_carea' id='block_1_1' title="bbox 116 133 1130 203">
    <p class='ocr_par' dir='ltr' id='par_1_1' title="bbox 116 133 1130 203">
     <span class='ocr_line' id='line_1_1' title="bbox 116 133 1130 203; baseline -0.005 -10"><span class='ocrx_word' id='word_1_1' title='bbox 116 137 184 203; x_wconf 79' lang='grc'>402</span> <span class='ocrx_word' id='word_1_2' title='bbox 219 137 292 194; x_wconf 91' lang='lat' dir='ltr'><strong>VIII.</strong></span> <span class='ocrx_word' id='word_1_3' title='bbox 307 135 443 192; x_wconf 79' lang='lat' dir='ltr'>OCTAVI</span> <span class='ocrx_word' id='word_1_4' title='bbox 457 135 555 193; x_wconf 73' lang='lat' dir='ltr'><strong>HAEC.</strong></span> <span class='ocrx_word' id='word_1_5' title='bbox 564 135 660 192; x_wconf 89' lang='lat' dir='ltr'><strong>IURlS</strong></span> <span class='ocrx_word' id='word_1_6' title='bbox 674 134 846 190; x_wconf 83' lang='lat' dir='ltr'>CONSULT.</span> <span class='ocrx_word' id='word_1_7' title='bbox 857 133 980 189; x_wconf 84' lang='lat' dir='ltr'><strong>SERIES</strong></span> <span class='ocrx_word' id='word_1_8' title='bbox 994 135 1130 190; x_wconf 83' lang='lat' dir='ltr'><strong>TERTIA</strong></span> 
     </span>
    </p>
   </div>
   <div class='ocr_carea' id='block_1_2' title="bbox 115 295 1129 473">
    <p class='ocr_par' dir='ltr' id='par_1_2' title="bbox 115 295 1129 473">
     <span class='ocr_line' id='line_1_2' title="bbox 117 295 1129 384; baseline -0.003 -19"><span class='ocrx_word' id='word_1_9' title='bbox 117 300 155 377; x_wconf 83' lang='lat' dir='ltr'><strong>Q.</strong></span> <span class='ocrx_word' id='word_1_10' title='bbox 178 298 297 383; x_wconf 84' lang='lat' dir='ltr'>Caepio</span> <span class='ocrx_word' id='word_1_11' title='bbox 325 302 456 384; x_wconf 89' lang='lat' dir='ltr'>praetor</span> <span class='ocrx_word' id='word_1_12' title='bbox 484 322 522 364; x_wconf 87' lang='lat' dir='ltr'>ex</span> <span class='ocrx_word' id='word_1_13' title='bbox 545 299 649 364; x_wconf 87' lang='lat' dir='ltr'>edieto</span> <span class='ocrx_word' id='word_1_14' title='bbox 678 320 736 363; x_wconf 91' lang='lat' dir='ltr'>suo</span> <span class='ocrx_word' id='word_1_15' title='bbox 764 295 852 363; x_wconf 88' lang='lat' dir='ltr'>mihi&#39;</span> <span class='ocrx_word' id='word_1_16' title='bbox 867 295 981 380; x_wconf 86' lang='lat' dir='ltr'>dedit&#39;,</span> <span class='ocrx_word' id='word_1_17' title='bbox 1007 318 1129 381; x_wconf 88' lang='lat' dir='ltr'>negare</span> 
     </span>
     <span class='ocr_line' id='line_1_3' title="bbox 115 389 378 473; baseline -0.004 -20"><span class='ocrx_word' id='word_1_18' title='bbox 115 389 224 454; x_wconf 89' lang='lat' dir='ltr'>aiebat</span> <span class='ocrx_word' id='word_1_19' title='bbox 246 392 279 454; x_wconf 90' lang='lat' dir='ltr'>et</span> <span class='ocrx_word' id='word_1_20' title='bbox 302 411 331 473; x_wconf 91' lang='lat' dir='ltr'>q.</span> <span class='ocrx_word' id='word_1_21' title='bbox 354 411 378 453; x_wconf 91' lang='lat' dir='ltr'>s.</span> 
     </span>
    </p>
   </div>
   <div class='ocr_carea' id='block_1_3' title="bbox 88 502 1129 851">
    <p class='ocr_par' dir='ltr' id='par_1_3' title="bbox 114 502 1129 766">
     <span class='ocr_line' id='line_1_4' title="bbox 204 502 1129 586; baseline -0.005 -16"><span class='ocrx_word' id='word_1_22' title='bbox 204 509 264 570; x_wconf 83' lang='lat' dir='ltr'>Oia</span> <span class='ocrx_word' id='word_1_23' title='bbox 282 511 314 570; x_wconf 89' lang='lat' dir='ltr'>in</span> <span class='ocrx_word' id='word_1_24' title='bbox 332 508 417 569; x_wconf 90' lang='lat' dir='ltr'>Verr.</span> <span class='ocrx_word' id='word_1_25' title='bbox 438 512 466 586; x_wconf 87' lang='lat'>2,</span> <span class='ocrx_word' id='word_1_26' title='bbox 486 511 537 585; x_wconf 81' lang='lat'>45,</span> <span class='ocrx_word' id='word_1_27' title='bbox 558 511 635 567; x_wconf 86' lang='lat'>117:</span> <span class='ocrx_word' id='word_1_28' title='bbox 659 502 697 567; x_wconf 69' lang='lat' dir='ltr'>‘si</span> <span class='ocrx_word' id='word_1_29' title='bbox 715 508 751 567; x_wconf 85' lang='lat' dir='ltr'>de</span> <span class='ocrx_word' id='word_1_30' title='bbox 770 507 936 567; x_wconf 86' lang='lat' dir='ltr'>hereditate</span> <span class='ocrx_word' id='word_1_31' title='bbox 960 507 1129 585; x_wconf 82' lang='lat' dir='ltr'>ambigitur</span> 
     </span>
     <span class='ocr_line' id='line_1_5' title="bbox 115 595 1128 673; baseline -0.003 -14"><span class='ocrx_word' id='word_1_32' title='bbox 115 600 147 659; x_wconf 90' lang='lat' dir='ltr'>et</span> <span class='ocrx_word' id='word_1_33' title='bbox 168 599 291 658; x_wconf 81' lang='lat' dir='ltr'>tabulae</span> <span class='ocrx_word' id='word_1_34' title='bbox 314 598 488 658; x_wconf 74' lang='lat' dir='ltr'><strong>testamenti</strong></span> <span class='ocrx_word' id='word_1_35' title='bbox 511 597 686 673; x_wconf 74' lang='lat' dir='ltr'>obsignatae</span> <span class='ocrx_word' id='word_1_36' title='bbox 708 616 768 656; x_wconf 89' lang='lat' dir='ltr'>non</span> <span class='ocrx_word' id='word_1_37' title='bbox 790 597 888 655; x_wconf 87' lang='lat' dir='ltr'>minus</span> <span class='ocrx_word' id='word_1_38' title='bbox 906 595 1011 654; x_wconf 87' lang='lat' dir='ltr'>multis</span> <span class='ocrx_word' id='word_1_39' title='bbox 1031 595 1128 672; x_wconf 84' lang='lat' dir='ltr'>signis</span> 
     </span>
     <span class='ocr_line' id='line_1_6' title="bbox 114 685 1127 766; baseline -0.002 -20"><span class='ocrx_word' id='word_1_40' title='bbox 114 707 206 766; x_wconf 89' lang='lat' dir='ltr'>qnam</span> <span class='ocrx_word' id='word_1_41' title='bbox 229 707 245 746; x_wconf 93' lang='lat' dir='ltr'>e</span> <span class='ocrx_word' id='word_1_42' title='bbox 268 688 335 765; x_wconf 92' lang='lat' dir='ltr'>lege</span> <span class='ocrx_word' id='word_1_43' title='bbox 359 689 477 763; x_wconf 88' lang='lat' dir='ltr'>oportet</span> <span class='ocrx_word' id='word_1_44' title='bbox 500 687 538 744; x_wconf 89' lang='lat' dir='ltr'>ad</span> <span class='ocrx_word' id='word_1_45' title='bbox 561 705 608 744; x_wconf 91' lang='lat' dir='ltr'>me</span> <span class='ocrx_word' id='word_1_46' title='bbox 631 685 830 761; x_wconf 72' lang='lat' dir='ltr'><strong>proferentur,</strong></span> <span class='ocrx_word' id='word_1_47' title='bbox 854 685 1018 744; x_wconf 84' lang='lat' dir='ltr'>seeundum</span> <span class='ocrx_word' id='word_1_48' title='bbox 1036 685 1127 745; x_wconf 88' lang='lat' dir='ltr'>tabu-</span> 
     </span>
    </p>

    <p class='ocr_par' dir='ltr' id='par_1_4' title="bbox 88 768 945 851">
     <span class='ocr_line' id='line_1_7' title="bbox 88 768 945 851; baseline -0.001 -17"><span class='ocrx_word' id='word_1_49' title='bbox 88 799 91 806; x_wconf 74' lang='grc'><strong>’</strong></span> <span class='ocrx_word' id='word_1_50' title='bbox 115 777 175 835; x_wconf 88' lang='lat' dir='ltr'>lam</span> <span class='ocrx_word' id='word_1_51' title='bbox 198 775 371 836; x_wconf 88' lang='lat' dir='ltr'>testamenti</span> <span class='ocrx_word' id='word_1_52' title='bbox 393 775 582 851; x_wconf 87' lang='lat' dir='ltr'>potissimum</span> <span class='ocrx_word' id='word_1_53' title='bbox 604 775 824 850; x_wconf 90' lang='lat' dir='ltr'>possessionem</span> <span class='ocrx_word' id='word_1_54' title='bbox 847 768 945 833; x_wconf 87' lang='lat' dir='ltr'>dabo&#39;.</span> 
     </span>
    </p>
   </div>
   <div class='ocr_carea' id='block_1_4' title="bbox 326 944 910 1000">
    <p class='ocr_par' dir='ltr' id='par_1_5' title="bbox 326 944 910 1000">
     <span class='ocr_line' id='line_1_8' title="bbox 326 944 910 1000; baseline -0.005 -2"><span class='ocrx_word' id='word_1_55' title='bbox 326 945 371 999; x_wconf 85' lang='lat' dir='ltr'>De</span> <span class='ocrx_word' id='word_1_56' title='bbox 388 945 535 1000; x_wconf 75' lang='lat' dir='ltr'><em>donatione</em></span> <span class='ocrx_word' id='word_1_57' title='bbox 552 946 625 998; x_wconf 75' lang='lat' dir='ltr'>tuter</span> <span class='ocrx_word' id='word_1_58' title='bbox 641 944 732 998; x_wconf 76' lang='lat' dir='ltr'>atrum</span> <span class='ocrx_word' id='word_1_59' title='bbox 749 948 775 997; x_wconf 81' lang='lat' dir='ltr'>at</span> <span class='ocrx_word' id='word_1_60' title='bbox 791 959 910 997; x_wconf 80' lang='lat' dir='ltr'>uxorem.</span> 
     </span>
    </p>
   </div>
   <div class='ocr_carea' id='block_1_5' title="bbox 36 1051 1129 2290">
    <p class='ocr_par' dir='ltr' id='par_1_6' title="bbox 115 1051 1129 1667">
     <span class='ocr_line' id='line_1_9' title="bbox 206 1051 1129 1137; baseline -0.001 -19"><span class='ocrx_word' id='word_1_61' title='bbox 206 1054 258 1118; x_wconf 91' lang='lat'><strong>22.</strong></span> <span class='ocrx_word' id='word_1_62' title='bbox 284 1052 324 1117; x_wconf 89' lang='lat' dir='ltr'>D.</span> <span class='ocrx_word' id='word_1_63' title='bbox 338 1053 390 1137; x_wconf 85' lang='lat'>24,</span> <span class='ocrx_word' id='word_1_64' title='bbox 401 1053 430 1132; x_wconf 85' lang='lat'>3,</span> <span class='ocrx_word' id='word_1_65' title='bbox 445 1053 498 1136; x_wconf 89' lang='grc'>66,</span> <span class='ocrx_word' id='word_1_66' title='bbox 509 1055 537 1118; x_wconf 94' lang='grc'>1.</span> <span class='ocrx_word' id='word_1_67' title='bbox 568 1051 738 1116; x_wconf 86' lang='lat' dir='ltr'>Iavolenus</span> <span class='ocrx_word' id='word_1_68' title='bbox 757 1052 839 1116; x_wconf 93' lang='lat' dir='ltr'>libro</span> <span class='ocrx_word' id='word_1_69' title='bbox 858 1055 949 1116; x_wconf 87' lang='lat' dir='ltr'>sexto</span> <span class='ocrx_word' id='word_1_70' title='bbox 964 1073 1002 1115; x_wconf 87' lang='lat' dir='ltr'>ex</span> <span class='ocrx_word' id='word_1_71' title='bbox 1021 1056 1129 1137; x_wconf 87' lang='lat' dir='ltr'>poste-</span> 
     </span>
     <span class='ocr_line' id='line_1_10' title="bbox 120 1138 1128 1227; baseline 0 -20"><span class='ocrx_word' id='word_1_72' title='bbox 120 1143 259 1207; x_wconf 83' lang='lat' dir='ltr'>rioribus</span> <span class='ocrx_word' id='word_1_73' title='bbox 277 1141 438 1206; x_wconf 77' lang='lat' dir='ltr'>Labeonis</span> <span class='ocrx_word' id='word_1_74' title='bbox 458 1138 507 1227; x_wconf 88' lang='lat' dir='ltr'>(P.</span> <span class='ocrx_word' id='word_1_75' title='bbox 522 1139 611 1226; x_wconf 81' lang='grc'>227).</span> <span class='ocrx_word' id='word_1_76' title='bbox 652 1138 759 1205; x_wconf 85' lang='lat' dir='ltr'>Servis</span> <span class='ocrx_word' id='word_1_77' title='bbox 779 1141 890 1204; x_wconf 86' lang='lat' dir='ltr'>uxoris</span> <span class='ocrx_word' id='word_1_78' title='bbox 910 1141 958 1205; x_wconf 85' lang='lat' dir='ltr'>vir</span> <span class='ocrx_word' id='word_1_79' title='bbox 975 1162 1128 1207; x_wconf 85' lang='lat' dir='ltr'>nummos</span> 
     </span>
     <span class='ocr_line' id='line_1_11' title="bbox 116 1228 1128 1314; baseline -0.001 -19"><span class='ocrx_word' id='word_1_80' title='bbox 116 1232 151 1296; x_wconf 93' lang='lat' dir='ltr'>in</span> <span class='ocrx_word' id='word_1_81' title='bbox 175 1230 363 1295; x_wconf 86' lang='lat' dir='ltr'>vestiarium</span> <span class='ocrx_word' id='word_1_82' title='bbox 385 1228 525 1312; x_wconf 86' lang='lat' dir='ltr'>dederat,</span> <span class='ocrx_word' id='word_1_83' title='bbox 547 1251 610 1313; x_wconf 90' lang='lat' dir='ltr'>quo</span> <span class='ocrx_word' id='word_1_84' title='bbox 634 1232 748 1314; x_wconf 88' lang='lat' dir='ltr'>parato</span> <span class='ocrx_word' id='word_1_85' title='bbox 766 1229 881 1293; x_wconf 85' lang='lat' dir='ltr'>deinde</span> <span class='ocrx_word' id='word_1_86' title='bbox 900 1231 986 1293; x_wconf 89' lang='lat' dir='ltr'>intra</span> <span class='ocrx_word' id='word_1_87' title='bbox 1005 1252 1128 1294; x_wconf 89' lang='lat' dir='ltr'>annum</span> 
     </span>
     <span class='ocr_line' id='line_1_12' title="bbox 115 1316 1129 1402; baseline 0 -18"><span class='ocrx_word' id='word_1_88' title='bbox 115 1319 287 1384; x_wconf 86' lang='lat' dir='ltr'>divortium</span> <span class='ocrx_word' id='word_1_89' title='bbox 329 1321 565 1384; x_wconf 74' lang='lat' dir='ltr'>intercesserat.</span> <span class='ocrx_word' id='word_1_90' title='bbox 622 1318 745 1401; x_wconf 79' lang='lat' dir='ltr'>placuit</span> <span class='ocrx_word' id='word_1_91' title='bbox 780 1316 924 1382; x_wconf 87' lang='lat' dir='ltr'>Labeoni</span> <span class='ocrx_word' id='word_1_92' title='bbox 963 1317 1129 1402; x_wconf 75' lang='lat' dir='ltr'>Trebatio,</span> 
     </span>
     <span class='ocr_line' id='line_1_13' title="bbox 115 1406 1127 1492; baseline -0.001 -19"><span class='ocrx_word' id='word_1_93' title='bbox 115 1407 225 1492; x_wconf 89' lang='lat' dir='ltr'>qualia</span> <span class='ocrx_word' id='word_1_94' title='bbox 256 1408 452 1472; x_wconf 81' lang='lat' dir='ltr'>vestimenta</span> <span class='ocrx_word' id='word_1_95' title='bbox 484 1410 560 1491; x_wconf 92' lang='lat' dir='ltr'>post</span> <span class='ocrx_word' id='word_1_96' title='bbox 591 1407 765 1470; x_wconf 86' lang='lat' dir='ltr'>divortium</span> <span class='ocrx_word' id='word_1_97' title='bbox 795 1412 916 1489; x_wconf 88' lang='lat' dir='ltr'>esseut,</span> <span class='ocrx_word' id='word_1_98' title='bbox 947 1406 1027 1471; x_wconf 86' lang='lat' dir='ltr'>talia</span> <span class='ocrx_word' id='word_1_99' title='bbox 1055 1408 1127 1472; x_wconf 85' lang='lat' dir='ltr'>viro</span> 
     </span>
     <span class='ocr_line' id='line_1_14' title="bbox 116 1494 1128 1579; baseline -0.001 -18"><span class='ocrx_word' id='word_1_100' title='bbox 116 1496 219 1579; x_wconf 74' lang='lat' dir='ltr'>reddi,</span> <span class='ocrx_word' id='word_1_101' title='bbox 239 1496 324 1560; x_wconf 92' lang='lat' dir='ltr'>idem</span> <span class='ocrx_word' id='word_1_102' title='bbox 345 1495 586 1560; x_wconf 63' lang='lat' dir='ltr'>iuris&#39;futurum</span> <span class='ocrx_word' id='word_1_103' title='bbox 601 1494 723 1577; x_wconf 86' lang='lat' dir='ltr'>fuisset,</span> <span class='ocrx_word' id='word_1_104' title='bbox 742 1495 771 1559; x_wconf 92' lang='lat' dir='ltr'>si</span> <span class='ocrx_word' id='word_1_105' title='bbox 784 1495 856 1578; x_wconf 79' lang='lat' dir='ltr'>Ipsa</span> <span class='ocrx_word' id='word_1_106' title='bbox 870 1496 1062 1559; x_wconf 86' lang='lat' dir='ltr'>vestimenta</span> <span class='ocrx_word' id='word_1_107' title='bbox 1076 1497 1128 1561; x_wconf 84' lang='lat' dir='ltr'>vir</span> 
     </span>
     <span class='ocr_line' id='line_1_15' title="bbox 117 1582 1127 1667; baseline 0 -19"><span class='ocrx_word' id='word_1_108' title='bbox 117 1584 249 1649; x_wconf 89' lang='lat' dir='ltr'>emisset</span> <span class='ocrx_word' id='word_1_109' title='bbox 267 1589 300 1649; x_wconf 87' lang='lat' dir='ltr'>et</span> <span class='ocrx_word' id='word_1_110' title='bbox 318 1585 419 1648; x_wconf 86' lang='lat' dir='ltr'>servis</span> <span class='ocrx_word' id='word_1_111' title='bbox 439 1582 593 1667; x_wconf 81' lang='lat' dir='ltr'>dedisset3</span> <span class='ocrx_word' id='word_1_112' title='bbox 612 1582 696 1667; x_wconf 91' lang='lat' dir='ltr'>quod</span> <span class='ocrx_word' id='word_1_113' title='bbox 717 1582 744 1647; x_wconf 92' lang='lat' dir='ltr'>si</span> <span class='ocrx_word' id='word_1_114' title='bbox 762 1585 956 1648; x_wconf 83' lang='lat' dir='ltr'>vestimenta</span> <span class='ocrx_word' id='word_1_115' title='bbox 974 1606 1039 1648; x_wconf 93' lang='lat' dir='ltr'>non</span> <span class='ocrx_word' id='word_1_116' title='bbox 1056 1585 1127 1649; x_wconf 88' lang='lat' dir='ltr'>red-</span> 
     </span>
    </p>

    <p class='ocr_par' dir='ltr' id='par_1_7' title="bbox 36 1672 1128 2290">
     <span class='ocr_line' id='line_1_16' title="bbox 116 1672 1128 1760; baseline 0.001 -23"><span class='ocrx_word' id='word_1_117' title='bbox 116 1674 277 1747; x_wconf 88' lang='lat' dir='ltr'>derentur,</span> <span class='ocrx_word' id='word_1_118' title='bbox 299 1678 369 1736; x_wconf 89' lang='lat' dir='ltr'>tum</span> <span class='ocrx_word' id='word_1_119' title='bbox 393 1673 497 1737; x_wconf 89' lang='lat' dir='ltr'>virum</span> <span class='ocrx_word' id='word_1_120' title='bbox 518 1672 660 1760; x_wconf 86' lang='lat' dir='ltr'>pretium</span> <span class='ocrx_word' id='word_1_121' title='bbox 682 1677 715 1736; x_wconf 90' lang='lat' dir='ltr'>in</span> <span class='ocrx_word' id='word_1_122' title='bbox 739 1672 812 1736; x_wconf 87' lang='lat' dir='ltr'>dote</span> <span class='ocrx_word' id='word_1_123' title='bbox 834 1676 1128 1756; x_wconf 77' lang='lat' dir='ltr'>compensaturum.</span> 
     </span>
     <span class='ocr_line' id='line_1_17' title="bbox 36 1756 1127 1846; baseline -0.001 -19"><span class='ocrx_word' id='word_1_124' title='bbox 36 1759 39 1768; x_wconf 83' lang='grc'><strong>’</strong></span> <span class='ocrx_word' id='word_1_125' title='bbox 204 1762 257 1827; x_wconf 88' lang='lat'>23.</span> <span class='ocrx_word' id='word_1_126' title='bbox 285 1759 323 1824; x_wconf 91' lang='lat' dir='ltr'>D.</span> <span class='ocrx_word' id='word_1_127' title='bbox 343 1756 442 1846; x_wconf 77' lang='grc'>24,1,</span> <span class='ocrx_word' id='word_1_128' title='bbox 459 1761 511 1826; x_wconf 88' lang='grc'>64.</span> <span class='ocrx_word' id='word_1_129' title='bbox 547 1759 717 1825; x_wconf 88' lang='lat' dir='ltr'>Iavolenus</span> <span class='ocrx_word' id='word_1_130' title='bbox 741 1761 826 1825; x_wconf 92' lang='lat' dir='ltr'>libro</span> <span class='ocrx_word' id='word_1_131' title='bbox 850 1768 940 1825; x_wconf 86' lang='lat' dir='ltr'>sexto</span> <span class='ocrx_word' id='word_1_132' title='bbox 960 1783 998 1824; x_wconf 85' lang='lat' dir='ltr'>ex</span> <span class='ocrx_word' id='word_1_133' title='bbox 1016 1766 1127 1845; x_wconf 92' lang='lat' dir='ltr'>poste-</span> 
     </span>
     <span class='ocr_line' id='line_1_18' title="bbox 116 1847 1127 1935; baseline 0.003 -22"><span class='ocrx_word' id='word_1_134' title='bbox 116 1850 256 1914; x_wconf 89' lang='lat' dir='ltr'>rioribus</span> <span class='ocrx_word' id='word_1_135' title='bbox 274 1849 434 1914; x_wconf 84' lang='lat' dir='ltr'>Labeonis</span> <span class='ocrx_word' id='word_1_136' title='bbox 454 1847 503 1935; x_wconf 90' lang='lat' dir='ltr'>(P.</span> <span class='ocrx_word' id='word_1_137' title='bbox 517 1847 606 1934; x_wconf 84' lang='lat'><strong>225).</strong></span> <span class='ocrx_word' id='word_1_138' title='bbox 643 1848 704 1914; x_wconf 88' lang='lat' dir='ltr'>Vir</span> <span class='ocrx_word' id='word_1_139' title='bbox 727 1850 854 1913; x_wconf 91' lang='lat' dir='ltr'>mulieri</span> <span class='ocrx_word' id='word_1_140' title='bbox 878 1849 1018 1914; x_wconf 87' lang='lat' dir='ltr'>divortio</span> <span class='ocrx_word' id='word_1_141' title='bbox 1037 1850 1127 1916; x_wconf 87' lang='lat' dir='ltr'>faeto</span> 
     </span>
     <span class='ocr_line' id='line_1_19' title="bbox 116 1937 1128 2022; baseline 0.002 -20"><span class='ocrx_word' id='word_1_142' title='bbox 116 1939 274 2022; x_wconf 88' lang='lat' dir='ltr'>quaedam</span> <span class='ocrx_word' id='word_1_143' title='bbox 295 1937 413 2003; x_wconf 85' lang='lat' dir='ltr'>ideirco</span> <span class='ocrx_word' id='word_1_144' title='bbox 433 1939 572 2022; x_wconf 88' lang='lat' dir='ltr'>dederat,</span> <span class='ocrx_word' id='word_1_145' title='bbox 594 1941 631 2002; x_wconf 90' lang='lat' dir='ltr'>ut</span> <span class='ocrx_word' id='word_1_146' title='bbox 649 1937 689 2002; x_wconf 88' lang='lat' dir='ltr'>ad</span> <span class='ocrx_word' id='word_1_147' title='bbox 709 1959 742 2002; x_wconf 91' lang='lat' dir='ltr'>se</span> <span class='ocrx_word' id='word_1_148' title='bbox 760 1943 986 2022; x_wconf 80' lang='lat' dir='ltr'>reverteretur3</span> <span class='ocrx_word' id='word_1_149' title='bbox 1010 1940 1128 2004; x_wconf 90' lang='lat' dir='ltr'>mulier</span> 
     </span>
     <span class='ocr_line' id='line_1_20' title="bbox 113 2025 1128 2110; baseline 0.002 -20"><span class='ocrx_word' id='word_1_150' title='bbox 113 2048 243 2092; x_wconf 85' lang='lat' dir='ltr'>reversa</span> <span class='ocrx_word' id='word_1_151' title='bbox 262 2030 339 2110; x_wconf 87' lang='lat' dir='ltr'>erat,</span> <span class='ocrx_word' id='word_1_152' title='bbox 358 2026 471 2090; x_wconf 88' lang='lat' dir='ltr'>deinde</span> <span class='ocrx_word' id='word_1_153' title='bbox 490 2027 663 2091; x_wconf 83' lang='lat' dir='ltr'>divortium</span> <span class='ocrx_word' id='word_1_154' title='bbox 682 2026 812 2091; x_wconf 81' lang='lat' dir='ltr'>fecerat.</span> <span class='ocrx_word' id='word_1_155' title='bbox 848 2025 981 2092; x_wconf 77' lang='lat' dir='ltr'>LABEO:</span> <span class='ocrx_word' id='word_1_156' title='bbox 1006 2026 1128 2092; x_wconf 90' lang='lat' dir='ltr'>Treba·</span> 
     </span>
     <span class='ocr_line' id='line_1_21' title="bbox 113 2114 1127 2199; baseline 0.004 -21"><span class='ocrx_word' id='word_1_157' title='bbox 113 2116 180 2179; x_wconf 87' lang='lat' dir='ltr'>tius</span> <span class='ocrx_word' id='word_1_158' title='bbox 197 2116 281 2180; x_wconf 89' lang='lat' dir='ltr'>inter</span> <span class='ocrx_word' id='word_1_159' title='bbox 296 2115 480 2180; x_wconf 85' lang='lat' dir='ltr'>Terentiam</span> <span class='ocrx_word' id='word_1_160' title='bbox 496 2118 528 2179; x_wconf 90' lang='lat' dir='ltr'>et</span> <span class='ocrx_word' id='word_1_161' title='bbox 541 2114 761 2180; x_wconf 86' lang='lat' dir='ltr'>Maecenatem</span> <span class='ocrx_word' id='word_1_162' title='bbox 775 2116 951 2199; x_wconf 84' lang='lat' dir='ltr'>respondit,</span> <span class='ocrx_word' id='word_1_163' title='bbox 970 2115 999 2180; x_wconf 88' lang='lat' dir='ltr'>si</span> <span class='ocrx_word' id='word_1_164' title='bbox 1013 2138 1127 2182; x_wconf 88' lang='lat' dir='ltr'>verum</span> 
     </span>
     <span class='ocr_line' id='line_1_22' title="bbox 114 2203 1127 2290; baseline 0.001 -22"><span class='ocrx_word' id='word_1_165' title='bbox 114 2204 287 2269; x_wconf 85' lang='lat' dir='ltr'>divortium</span> <span class='ocrx_word' id='word_1_166' title='bbox 304 2204 425 2287; x_wconf 89' lang='lat' dir='ltr'>fuisset,</span> <span class='ocrx_word' id='word_1_167' title='bbox 443 2207 547 2268; x_wconf 89' lang='lat' dir='ltr'>ratam</span> <span class='ocrx_word' id='word_1_168' title='bbox 563 2225 632 2268; x_wconf 90' lang='lat' dir='ltr'>esse</span> <span class='ocrx_word' id='word_1_169' title='bbox 649 2203 865 2288; x_wconf 86' lang='lat' dir='ltr'>donatiouem,</span> <span class='ocrx_word' id='word_1_170' title='bbox 884 2205 912 2268; x_wconf 91' lang='lat' dir='ltr'>si</span> <span class='ocrx_word' id='word_1_171' title='bbox 926 2204 1127 2290; x_wconf 89' lang='lat' dir='ltr'>simulatum,</span> 
     </span>
    </p>
   </div>
   <div class='ocr_carea' id='block_1_6' title="bbox 112 2296 232 2357">
    <p class='ocr_par' dir='ltr' id='par_1_8' title="bbox 112 2296 232 2357">
     <span class='ocr_line' id='line_1_23' title="bbox 112 2296 232 2357; baseline 0.008 -1"><span class='ocrx_word' id='word_1_172' title='bbox 112 2296 232 2357; x_wconf 88' lang='lat' dir='ltr'>contra.</span> 
     </span>
    </p>
   </div>
   <div class='ocr_carea' id='block_1_7' title="bbox 429 2376 802 2446">
    <p class='ocr_par' dir='ltr' id='par_1_9' title="bbox 429 2376 802 2446">
     <span class='ocr_line' id='line_1_24' title="bbox 429 2376 802 2446; baseline -0.003 -14"><span class='ocrx_word' id='word_1_173' title='bbox 429 2376 473 2432; x_wconf 84' lang='lat' dir='ltr'>De</span> <span class='ocrx_word' id='word_1_174' title='bbox 491 2378 623 2446; x_wconf 77' lang='lat' dir='ltr'>emptione</span> <span class='ocrx_word' id='word_1_175' title='bbox 640 2379 802 2433; x_wconf 75' lang='lat' dir='ltr'>venditione.</span> 
     </span>
    </p>
   </div>
   <div class='ocr_carea' id='block_1_8' title="bbox 111 2482 1126 3171">
    <p class='ocr_par' dir='ltr' id='par_1_10' title="bbox 111 2482 1126 3171">
     <span class='ocr_line' id='line_1_25' title="bbox 137 2482 1126 2571; baseline 0.001 -20"><span class='ocrx_word' id='word_1_176' title='bbox 137 2482 141 2488; x_wconf 78' lang='grc'><strong>’</strong></span> <span class='ocrx_word' id='word_1_177' title='bbox 201 2488 254 2552; x_wconf 89' lang='grc'>24.</span> <span class='ocrx_word' id='word_1_178' title='bbox 278 2484 358 2552; x_wconf 83' lang='lat' dir='ltr'>Gell.</span> <span class='ocrx_word' id='word_1_179' title='bbox 372 2487 403 2568; x_wconf 84' lang='lat'>4,</span> <span class='ocrx_word' id='word_1_180' title='bbox 417 2488 447 2568; x_wconf 93' lang='lat'>2,</span> <span class='ocrx_word' id='word_1_181' title='bbox 462 2486 534 2571; x_wconf 87' lang='lat' dir='ltr'>9sq.</span> <span class='ocrx_word' id='word_1_182' title='bbox 566 2485 615 2550; x_wconf 89' lang='lat' dir='ltr'>De</span> <span class='ocrx_word' id='word_1_183' title='bbox 635 2487 739 2550; x_wconf 90' lang='lat' dir='ltr'>sterili</span> <span class='ocrx_word' id='word_1_184' title='bbox 757 2536 764 2550; x_wconf 89' lang='lat'><strong>.</strong></span> <span class='ocrx_word' id='word_1_185' title='bbox 780 2537 787 2552; x_wconf 97' lang='lat'><strong>.</strong></span> <span class='ocrx_word' id='word_1_186' title='bbox 805 2487 945 2565; x_wconf 90' lang='lat' dir='ltr'>muliere,</span> <span class='ocrx_word' id='word_1_187' title='bbox 964 2487 992 2550; x_wconf 88' lang='lat' dir='ltr'>si</span> <span class='ocrx_word' id='word_1_188' title='bbox 1012 2489 1126 2552; x_wconf 85' lang='lat' dir='ltr'>nativa</span> 
     </span>
     <span class='ocr_line' id='line_1_26' title="bbox 115 2574 1125 2659; baseline 0.003 -21"><span class='ocrx_word' id='word_1_189' title='bbox 115 2574 284 2639; x_wconf 83' lang='lat' dir='ltr'>sterilitate</span> <span class='ocrx_word' id='word_1_190' title='bbox 307 2576 358 2659; x_wconf 90' lang='lat' dir='ltr'>sit,</span> <span class='ocrx_word' id='word_1_191' title='bbox 377 2575 565 2639; x_wconf 80' lang='lat' dir='ltr'>Trebatium</span> <span class='ocrx_word' id='word_1_192' title='bbox 585 2579 699 2640; x_wconf 88' lang='lat' dir='ltr'>eontra</span> <span class='ocrx_word' id='word_1_193' title='bbox 713 2575 896 2640; x_wconf 88' lang='lat' dir='ltr'>Labeonem</span> <span class='ocrx_word' id='word_1_194' title='bbox 915 2575 1125 2659; x_wconf 88' lang='lat' dir='ltr'>respondisse</span> 
     </span>
     <span class='ocr_line' id='line_1_27' title="bbox 113 2662 1125 2748; baseline 0.001 -20"><span class='ocrx_word' id='word_1_195' title='bbox 113 2663 233 2728; x_wconf 86' lang='lat' dir='ltr'>dicunt.</span> <span class='ocrx_word' id='word_1_196' title='bbox 278 2686 354 2728; x_wconf 87' lang='lat' dir='ltr'>nam</span> <span class='ocrx_word' id='word_1_197' title='bbox 382 2685 454 2728; x_wconf 85' lang='lat' dir='ltr'>eum</span> <span class='ocrx_word' id='word_1_198' title='bbox 482 2663 637 2727; x_wconf 91' lang='lat' dir='ltr'>rethiberi</span> <span class='ocrx_word' id='word_1_199' title='bbox 666 2685 736 2728; x_wconf 86' lang='lat' dir='ltr'>eam</span> <span class='ocrx_word' id='word_1_200' title='bbox 759 2662 866 2728; x_wconf 90' lang='lat' dir='ltr'>Labeo</span> <span class='ocrx_word' id='word_1_201' title='bbox 894 2664 987 2748; x_wconf 89' lang='lat' dir='ltr'>quasi</span> <span class='ocrx_word' id='word_1_202' title='bbox 1015 2665 1125 2730; x_wconf 91' lang='lat' dir='ltr'>minus</span> 
     </span>
     <span class='ocr_line' id='line_1_28' title="bbox 113 2752 1124 2839; baseline 0.002 -23"><span class='ocrx_word' id='word_1_203' title='bbox 113 2774 226 2817; x_wconf 89' lang='lat' dir='ltr'>sanam</span> <span class='ocrx_word' id='word_1_204' title='bbox 244 2755 400 2835; x_wconf 87' lang='lat' dir='ltr'>putasset,</span> <span class='ocrx_word' id='word_1_205' title='bbox 420 2771 557 2836; x_wconf 81' lang='lat' dir='ltr'>negasse</span> <span class='ocrx_word' id='word_1_206' title='bbox 576 2753 668 2816; x_wconf 89' lang='lat' dir='ltr'>aiunt</span> <span class='ocrx_word' id='word_1_207' title='bbox 682 2752 870 2816; x_wconf 84' lang='lat' dir='ltr'>Trebatium</span> <span class='ocrx_word' id='word_1_208' title='bbox 889 2774 927 2815; x_wconf 88' lang='lat' dir='ltr'>ex</span> <span class='ocrx_word' id='word_1_209' title='bbox 945 2752 1051 2818; x_wconf 85' lang='lat' dir='ltr'>edicto</span> <span class='ocrx_word' id='word_1_210' title='bbox 1067 2754 1124 2839; x_wconf 88' lang='lat' dir='ltr'>agi</span> 
     </span>
     <span class='ocr_line' id='line_1_29' title="bbox 111 2840 1124 2926; baseline 0.002 -20"><span class='ocrx_word' id='word_1_211' title='bbox 111 2862 216 2926; x_wconf 90' lang='lat' dir='ltr'>posse,</span> <span class='ocrx_word' id='word_1_212' title='bbox 236 2841 262 2905; x_wconf 94' lang='lat' dir='ltr'>si</span> <span class='ocrx_word' id='word_1_213' title='bbox 282 2863 319 2905; x_wconf 91' lang='lat' dir='ltr'>ea</span> <span class='ocrx_word' id='word_1_214' title='bbox 338 2840 452 2904; x_wconf 90' lang='lat' dir='ltr'>mulier</span> <span class='ocrx_word' id='word_1_215' title='bbox 471 2864 491 2906; x_wconf 88' lang='lat' dir='ltr'>a</span> <span class='ocrx_word' id='word_1_216' title='bbox 509 2840 666 2926; x_wconf 85' lang='lat' dir='ltr'>principio</span> <span class='ocrx_word' id='word_1_217' title='bbox 686 2842 819 2925; x_wconf 81' lang='lat' dir='ltr'>genitali</span> <span class='ocrx_word' id='word_1_218' title='bbox 839 2841 1011 2905; x_wconf 88' lang='lat' dir='ltr'>sterilitate</span> <span class='ocrx_word' id='word_1_219' title='bbox 1026 2848 1124 2908; x_wconf 87' lang='lat' dir='ltr'>esset.</span> 
     </span>
     <span class='ocr_line' id='line_1_30' title="bbox 114 2929 1123 3014; baseline 0 -20"><span class='ocrx_word' id='word_1_220' title='bbox 114 2934 148 2994; x_wconf 89' lang='lat' dir='ltr'>at</span> <span class='ocrx_word' id='word_1_221' title='bbox 172 2929 200 2994; x_wconf 90' lang='lat' dir='ltr'>si</span> <span class='ocrx_word' id='word_1_222' title='bbox 223 2929 366 2994; x_wconf 84' lang='lat' dir='ltr'>valitudo</span> <span class='ocrx_word' id='word_1_223' title='bbox 392 2929 459 2993; x_wconf 90' lang='lat' dir='ltr'>eius</span> <span class='ocrx_word' id='word_1_224' title='bbox 483 2929 667 2993; x_wconf 86' lang='lat' dir='ltr'>offendisset</span> <span class='ocrx_word' id='word_1_225' title='bbox 688 2951 788 3014; x_wconf 88' lang='lat' dir='ltr'>exque</span> <span class='ocrx_word' id='word_1_226' title='bbox 809 2952 847 2994; x_wconf 89' lang='lat' dir='ltr'>ea</span> <span class='ocrx_word' id='word_1_227' title='bbox 865 2930 977 2994; x_wconf 82' lang='lat' dir='ltr'>vitium</span> <span class='ocrx_word' id='word_1_228' title='bbox 998 2929 1123 3011; x_wconf 85' lang='lat' dir='ltr'>factum</span> 
     </span>
     <span class='ocr_line' id='line_1_31' title="bbox 112 3015 1124 3102; baseline 0.002 -20"><span class='ocrx_word' id='word_1_229' title='bbox 112 3022 210 3100; x_wconf 88' lang='lat' dir='ltr'>esset,</span> <span class='ocrx_word' id='word_1_230' title='bbox 233 3021 269 3082; x_wconf 89' lang='lat' dir='ltr'>ut</span> <span class='ocrx_word' id='word_1_231' title='bbox 292 3017 458 3101; x_wconf 83' lang='lat' dir='ltr'>concipere</span> <span class='ocrx_word' id='word_1_232' title='bbox 480 3015 567 3082; x_wconf 87' lang='lat' dir='ltr'>fetus</span> <span class='ocrx_word' id='word_1_233' title='bbox 589 3039 656 3082; x_wconf 90' lang='lat' dir='ltr'>non</span> <span class='ocrx_word' id='word_1_234' title='bbox 678 3022 799 3102; x_wconf 91' lang='lat' dir='ltr'>posset,</span> <span class='ocrx_word' id='word_1_235' title='bbox 823 3021 892 3082; x_wconf 90' lang='lat' dir='ltr'>tum</span> <span class='ocrx_word' id='word_1_236' title='bbox 917 3040 1031 3082; x_wconf 90' lang='lat' dir='ltr'>sanam</span> <span class='ocrx_word' id='word_1_237' title='bbox 1055 3041 1124 3084; x_wconf 92' lang='lat' dir='ltr'>non</span> 
     </span>
     <span class='ocr_line' id='line_1_32' title="bbox 111 3106 786 3171; baseline 0 -1"><span class='ocrx_word' id='word_1_238' title='bbox 111 3106 213 3171; x_wconf 83' lang='lat' dir='ltr'>rideri</span> <span class='ocrx_word' id='word_1_239' title='bbox 237 3110 269 3170; x_wconf 89' lang='lat' dir='ltr'>et</span> <span class='ocrx_word' id='word_1_240' title='bbox 292 3127 361 3171; x_wconf 89' lang='lat' dir='ltr'>esse</span> <span class='ocrx_word' id='word_1_241' title='bbox 384 3107 418 3170; x_wconf 92' lang='lat' dir='ltr'>in</span> <span class='ocrx_word' id='word_1_242' title='bbox 441 3128 538 3170; x_wconf 87' lang='lat' dir='ltr'>eausa</span> <span class='ocrx_word' id='word_1_243' title='bbox 560 3106 786 3171; x_wconf 89' lang='lat' dir='ltr'>rethibitionis.</span> 
     </span>
    </p>
   </div>
   <div class='ocr_carea' id='block_1_9' title="bbox 99 3228 1126 3572">
    <p class='ocr_par' dir='ltr' id='par_1_11' title="bbox 200 3228 825 3303">
     <span class='ocr_line' id='line_1_33' title="bbox 200 3228 825 3303; baseline 0 -18"><span class='ocrx_word' id='word_1_244' title='bbox 200 3228 245 3286; x_wconf 92' lang='lat' dir='ltr'>De</span> <span class='ocrx_word' id='word_1_245' title='bbox 268 3228 304 3287; x_wconf 91' lang='lat' dir='ltr'><strong>D.</strong></span> <span class='ocrx_word' id='word_1_246' title='bbox 320 3229 371 3302; x_wconf 87' lang='lat'>21,</span> <span class='ocrx_word' id='word_1_247' title='bbox 387 3231 415 3303; x_wconf 87' lang='lat'>1,</span> <span class='ocrx_word' id='word_1_248' title='bbox 431 3228 520 3300; x_wconf 81' lang='lat'>·14,3</span> <span class='ocrx_word' id='word_1_249' title='bbox 544 3247 571 3287; x_wconf 91' lang='lat' dir='ltr'><strong>v.</strong></span> <span class='ocrx_word' id='word_1_250' title='bbox 591 3245 682 3303; x_wconf 87' lang='lat' dir='ltr'>snpra</span> <span class='ocrx_word' id='word_1_251' title='bbox 704 3247 734 3303; x_wconf 87' lang='lat' dir='ltr'><strong>p.</strong></span> <span class='ocrx_word' id='word_1_252' title='bbox 753 3229 825 3287; x_wconf 87' lang='lat'><strong>392.</strong></span> 
     </span>
    </p>

    <p class='ocr_par' dir='ltr' id='par_1_12' title="bbox 99 3313 1126 3572">
     <span class='ocr_line' id='line_1_34' title="bbox 200 3313 1123 3394; baseline 0.003 -20"><span class='ocrx_word' id='word_1_253' title='bbox 200 3317 236 3375; x_wconf 87' lang='lat' dir='ltr'>ef.</span> <span class='ocrx_word' id='word_1_254' title='bbox 260 3315 336 3377; x_wconf 84' lang='lat' dir='ltr'>Gell.</span> <span class='ocrx_word' id='word_1_255' title='bbox 355 3317 384 3391; x_wconf 89' lang='grc'>4,</span> <span class='ocrx_word' id='word_1_256' title='bbox 400 3318 429 3392; x_wconf 83' lang='grc'>3,</span> <span class='ocrx_word' id='word_1_257' title='bbox 446 3318 476 3374; x_wconf 91' lang='lat'>2:</span> <span class='ocrx_word' id='word_1_258' title='bbox 502 3315 628 3391; x_wconf 79' lang='lat' dir='ltr'>Spurius</span> <span class='ocrx_word' id='word_1_259' title='bbox 652 3313 809 3393; x_wconf 79' lang='lat' dir='ltr'>Carvilius,</span> <span class='ocrx_word' id='word_1_260' title='bbox 832 3314 880 3375; x_wconf 86' lang='lat' dir='ltr'>eui</span> <span class='ocrx_word' id='word_1_261' title='bbox 902 3315 991 3393; x_wconf 85' lang='lat' dir='ltr'>Ruga</span> <span class='ocrx_word' id='word_1_262' title='bbox 1014 3335 1123 3394; x_wconf 85' lang='lat' dir='ltr'>eogno-</span> 
     </span>
     <span class='ocr_line' id='line_1_35' title="bbox 112 3403 1126 3482; baseline 0.002 -20"><span class='ocrx_word' id='word_1_263' title='bbox 112 3408 247 3463; x_wconf 89' lang='lat' dir='ltr'>mentnm</span> <span class='ocrx_word' id='word_1_264' title='bbox 270 3404 337 3479; x_wconf 82' lang='lat' dir='ltr'>tuit,</span> <span class='ocrx_word' id='word_1_265' title='bbox 361 3404 408 3464; x_wconf 86' lang='lat' dir='ltr'>vir</span> <span class='ocrx_word' id='word_1_266' title='bbox 423 3403 543 3480; x_wconf 89' lang='lat' dir='ltr'>nobilis,</span> <span class='ocrx_word' id='word_1_267' title='bbox 567 3404 729 3466; x_wconf 85' lang='lat' dir='ltr'>divortium</span> <span class='ocrx_word' id='word_1_268' title='bbox 748 3423 816 3464; x_wconf 88' lang='lat' dir='ltr'>eum</span> <span class='ocrx_word' id='word_1_269' title='bbox 835 3423 926 3463; x_wconf 86' lang='lat' dir='ltr'>uxore</span> <span class='ocrx_word' id='word_1_270' title='bbox 945 3404 1026 3481; x_wconf 85' lang='lat' dir='ltr'>feeit,</span> <span class='ocrx_word' id='word_1_271' title='bbox 1050 3406 1126 3482; x_wconf 89' lang='lat' dir='ltr'>qnia</span> 
     </span>
     <span class='ocr_line' id='line_1_36' title="bbox 99 3490 873 3572; baseline 0.009 -25"><span class='ocrx_word' id='word_1_272' title='bbox 99 3490 197 3550; x_wconf 79' lang='lat' dir='ltr'>liberi</span> <span class='ocrx_word' id='word_1_273' title='bbox 216 3511 255 3551; x_wconf 81' lang='lat' dir='ltr'>er</span> <span class='ocrx_word' id='word_1_274' title='bbox 275 3511 312 3552; x_wconf 85' lang='lat' dir='ltr'>ea</span> <span class='ocrx_word' id='word_1_275' title='bbox 336 3492 469 3571; x_wconf 82' lang='lat' dir='ltr'>eorporis</span> <span class='ocrx_word' id='word_1_276' title='bbox 491 3493 565 3555; x_wconf 84' lang='lat' dir='ltr'>vitio</span> <span class='ocrx_word' id='word_1_277' title='bbox 588 3512 648 3553; x_wconf 88' lang='lat' dir='ltr'>non</span> <span class='ocrx_word' id='word_1_278' title='bbox 671 3494 873 3572; x_wconf 87' lang='lat' dir='ltr'>gignerentur.</span> 
     </span>
    </p>
   </div>
   <div class='ocr_carea' id='block_1_10' title="bbox 0 0 1216 3840">
    <p class='ocr_par' dir='ltr' id='par_1_13' title="bbox 0 0 1216 3840">
     <span class='ocr_line' id='line_1_37' title="bbox 0 0 1216 3840; baseline 0 1"><span class='ocrx_word' id='word_1_279' title='bbox 0 0 1216 3840; x_wconf 95' lang='lat' dir='ltr'> </span> 
     </span>
    </p>
   </div>
  </div>
 </body>
</html>
