2422 3840
272 125 296 173 1.
321 119 352 186 o.
371 118 507 175 nucius
526 120 555 174 Ρ.
571 120 600 174 r.
616 118 644 172 Ρ.
659 120 694 175 n.
711 120 903 176 scurrone
1052 121 1104 184 69·

77 286 143 359 ciis,
180 286 345 361 mandatis,
379 287 469 346 rebus
498 287 606 364 emptis
633 289 779 364 venditis,
808 290 962 349 conductis
990 290 1097 351 locutis

77 379 231 452 statuere,
254 376 327 453 quid
349 395 498 454 quemque
521 377 629 454 cuique
651 382 804 454 praestare
828 382 992 456 oporteret,
1015 380 1095 439 idem

76 485 162 543 eum,
195 465 248 541 qui
279 484 343 524 rem
374 464 517 525 utendam
551 465 589 524 ab
622 466 681 524 alio
711 470 879 542 acceperat,
912 486 972 527 non
999 468 1096 528 solum

77 555 161 628 dolo,
190 554 244 613 sed
267 553 358 613 otiam
381 555 472 630 culpa
494 554 553 614 levi
577 555 737 613 obnoxium
760 555 824 613 ficri
847 556 961 630 primus
985 556 1094 616 docuit.

76 643 160 702 idem
192 645 351 718 poetarum
383 643 454 703 deos
483 642 582 715 reicit,
616 643 697 720 quod
723 662 782 702 non
810 643 896 703 bonis
924 645 1095 704 hominibus

78 731 198 792 similes
226 732 299 808 sint,
327 731 379 790 sed
405 731 509 807 turpia
536 733 660 809 faciant,
689 733 775 792 velut
803 733 943 792 furentur
970 733 1019 792 vel
1045 734 1097 792 ad-

77 821 263 880 ulterantur.
304 820 422 880 Mucius
445 821 574 879 fortasse
598 822 688 879 etiam
711 820 741 878 id
760 822 875 895 primus
894 822 996 881 docuit
1016 822 1096 899 quod

78 910 115 969 D.
135 911 313 986 50,16,42
337 909 419 985 apud
440 908 605 985 Ulpianum
628 909 772 983 legimus:
800 903 925 986 *probra
947 911 1097 988 quaedam

77 1002 191 1058 natura
213 997 318 1073 turpia
340 999 411 1056 sunt
509 1000 622 1074 utputa
644 998 761 1057 furtum
785 994 979 1058 adulterium’

171 1210 266 1269 Lenel
278 1209 371 1268 Mucii
388 1209 464 1268 iuris
483 1209 580 1269 civilis
599 1210 744 1270 librorum
762 1212 932 1289 fragmenta
950 1212 983 1270 in
996 1211 1097 1270 Palin-

85 1299 208 1376 genesia
231 1298 276 1356 ita
294 1298 450 1374 disposuit,
473 1302 509 1357 ut
526 1299 622 1374 primo
640 1300 707 1359 loco
725 1300 831 1375 positis
849 1300 896 1377 iis,
919 1318 995 1376 quoe
1013 1301 1062 1360 vei
1081 1319 1100 1360 a

86 1388 184 1449 Gallio
206 1387 257 1446 rel
279 1387 317 1446 ab
336 1385 466 1462 Ulpiano
488 1387 577 1446 certis
596 1387 681 1447 libris
699 1389 909 1448 attribuuntur
928 1390 1098 1465 additisque

85 1475 249 1552 nonnullis
273 1494 350 1552 quae
374 1474 536 1534 eorundem
559 1477 706 1536 librorum
727 1478 784 1536 dici
803 1481 929 1554 possunt
948 1470 1098 1560 (1-11),

83 1585 118 1626 ea
144 1566 306 1642 adiungat,
337 1582 415 1640 quae
441 1565 625 1624 incertorum
651 1566 797 1625 librorum
827 1569 897 1625 sunt
925 1559 1098 1649 (ln-41),

83 1655 248 1715 secundum
268 1653 404 1713 ordinem
422 1654 454 1712 in
466 1652 624 1730 Pomponii
643 1654 729 1713 libris
748 1655 950 1728 observatum,
968 1656 1097 1715 rubricis

85 1743 214 1804 insertis.
262 1742 450 1816 singulorum
477 1761 548 1804 voro
571 1743 759 1802 rubricosum
782 1744 966 1820 fragmenta,
992 1745 1097 1821 paucis

84 1833 225 1909 exceptis,
244 1830 349 1890 eodem
368 1830 471 1890 ordine
485 1831 646 1891 collocarit
660 1850 719 1907 quo
734 1832 766 1889 in
780 1831 913 1908 Digestis
928 1836 1098 1892 occurrunt.

83 1939 180 1999 nequa
208 1919 366 1996 Pomponii
398 1919 564 1978 aliorumve
598 1920 801 1978 additamenta
834 1939 852 1977 a
879 1921 971 1978 Mucii
998 1921 1098 1981 verbis

84 2011 221 2070 seiuncta
253 2011 324 2068 sunt
353 1999 397 2089 (9,
417 2010 467 2081 19,
487 2011 543 2085 32,
563 2011 619 2085 34,
639 2001 786 2087 31431)
815 2027 912 2085 neque
938 2009 1099 2068 Iustiniani

85 2099 284 2159 deliramenta
301 2097 414 2156 reiecta
428 2087 510 2178 (16).
544 2097 670 2175 deniquo
689 2097 867 2173 fragmenta,
885 2116 960 2173 quae
980 2097 1099 2156 diversa

85 2187 254 2263 continent,
281 2203 377 2262 neque
405 2185 437 2244 in
464 2186 511 2244 his
538 2186 623 2246 libris
647 2178 718 2267 (5¹³)
744 2205 840 2259 neque
863 2186 893 2243 in
918 2183 996 2264 ὅρων
1018 2185 1097 2244 libro

84 2273 146 2351 (48,
167 2267 226 2356 50)
251 2273 411 2350 dispertita
433 2272 511 2334 sunt.
615 2284 617 2300 ²

94 2363 96 2367 ’
172 2364 241 2441 Ego
274 2363 445 2439 fragmenta
475 2363 680 2439 probabilibus
709 2363 876 2423 rationibus
905 2365 1003 2440 quoad
1031 2363 1097 2422 fieri

83 2453 185 2530 potuit
217 2452 250 2510 in
282 2452 415 2510 ordinem
446 2452 562 2529 redegi,
595 2471 683 2528 quem
715 2452 876 2527 pristinum
908 2473 939 2511 re
967 2471 1040 2512 vera
1066 2454 1097 2511 in

85 2542 224 2602 omnibus
252 2558 300 2598 mo
328 2541 497 2599 assecutum
526 2558 590 2599 esse
618 2541 748 2599 multum
774 2541 859 2599 abest
881 2543 917 2600 ut
939 2561 992 2616 pro
1016 2546 1098 2600 certo

84 2631 190 2691 dicam.
233 2631 266 2688 at
287 2628 450 2706 imaginem
473 2629 623 2705 quandam
641 2630 848 2688 Mucianorum
867 2629 1012 2690 librorum
1029 2649 1097 2706 pro·

83 2719 253 2796 ponendam
273 2717 353 2795 duxi,
365 2719 398 2775 ‘si
416 2717 483 2777 non
494 2722 606 2777 certam
626 2723 717 2794 atque
735 2717 944 2794 indubitatam,
964 2721 1098 2778 attamen

84 2828 164 2886 eam,
191 2815 269 2884 quae
293 2806 380 2881 quasi
403 2807 499 2882 operis
523 2807 630 2865 umbra
652 2807 757 2867 haberi
779 2807 882 2882 possit.

511 3054 619 3113 Liber
648 3054 672 3114 Ι.
763 3052 765 3057 ⁴

219 3174 222 3243 ᾖ
248 3248 249 3252 ,
357 3177 403 3236 Dc
426 3182 599 3238 testamentis
622 3177 662 3250 (ct
685 3180 827 3253 11911112).

126 3338 128 3340 -
176 3270 364 3378 Quamquam
388 3300 424 3359 de
448 3307 625 3378 argumento
646 3302 717 3361 libri
734 3302 809 3361 nihil
828 3301 938 3360 diserte
957 3301 1097 3379 traditur,

85 3399 115 3454 et
146 3411 196 3452 res
228 3391 295 3466 ipsa
322 3392 354 3448 et
380 3389 476 3449 Laelii
502 3391 612 3450 Felicis
640 3395 670 3450 et
696 3390 853 3467 Pomponii
880 3391 957 3448 liber
984 3390 1102 3465 primus

85 3481 278 3542 menifestum
300 3478 384 3556 facit,
410 3478 542 3544 Mucium
566 3480 647 3544 libro
671 3482 771 3562 primo
796 3481 834 3544 do
855 3481 1128 3543 testamentorum
