2422 3840
263 180 287 230 7.
311 172 344 239 Q.
362 171 497 230 Muclus
517 175 546 230 P.
566 174 595 230 F.
614 175 644 230 P.
663 174 698 231 N.
717 175 908 232 sclavons
1046 175 1089 241 55

169 342 351 403 Triboniano
373 343 533 418 primarius
553 343 759 402 Mucianarum
782 344 996 404 sententiarum
1020 346 1086 406 fons

76 435 142 495 sine
161 432 252 492 dubio
267 430 349 490 Sexti
363 431 520 508 Pomponii
536 432 606 491 libri
621 433 659 490 ad
673 431 706 502 Q.
721 433 855 492 Mucium
867 437 963 501 erant.
995 435 1016 493 J
1017 436 1089 494 usti-

76 525 196 600 nianus,
220 540 288 581 cum
311 520 437 598 Digesta
460 538 515 580 sua
538 539 712 598 componere
738 521 887 599 iussisset,
915 522 947 581 id
969 543 1088 601 quoque

76 612 179 673 doceri
210 608 320 686 voluit,
352 602 471 686 ‘legum
497 609 650 668 tramitem
678 611 715 669 ab
743 610 818 669 urbe
845 611 941 670 Roma
967 612 1088 672 condita

77 706 109 762 et
133 698 286 761 Romuleis
313 698 499 775 temporibus
523 693 720 758 descendere'.
765 699 867 776 itaque
891 703 922 759 et
945 699 977 769 Q.
997 702 1089 760 Mucii

76 789 254 850 memoriam
283 805 337 847 suo
365 805 447 846 more
475 805 618 847 renovare
646 788 752 847 voluit.
802 789 858 848 hoc
886 788 1088 850 Tribonianns

76 881 122 940 ita
153 878 274 938 videtur
305 876 423 950 fecisse,
456 879 490 934 ut
521 875 676 951 Pomponii
709 877 747 936 ad
779 876 813 947 Q.
840 877 974 937 Mucium
1005 878 1087 938 dicte

77 967 227 1046 quaedam
249 965 294 1024 ita
316 966 457 1040 mutaret,
480 965 567 1040 quasi
585 965 767 1041 Pomponius
787 965 820 1035 Q.
836 966 968 1025 Mucium
987 967 1087 1043 ipsum

76 1058 252 1132 loquentem
288 1052 512 1112 introduxisset.
567 1057 699 1112 ceterum
732 1058 762 1113 et
793 1055 885 1114 Mucii
917 1075 1024 1115 nomen
1056 1057 1088 1114 in

76 1148 217 1205 veterum
247 1142 333 1202 libris
365 1160 452 1218 saepe
485 1142 594 1201 delevit
622 1147 653 1202 et
679 1142 835 1219 Pomponii
862 1145 1022 1221 praecipue
1051 1145 1090 1204 ad

76 1234 215 1293 Mucium
238 1231 319 1290 dicta
341 1231 505 1290 exornavit.
1069 1297 1071 1301 Ι

168 1321 257 1398 Itque
285 1338 361 1397 quae
384 1318 487 1379 Cicero
509 1318 606 1378 Varro
631 1319 745 1379 Gellius
774 1321 809 1379 de
832 1321 930 1380 Mucio
956 1322 1089 1400 tradunt,

77 1410 137 1471 fide
170 1409 308 1486 digniora
335 1409 405 1467 sunt
432 1427 522 1482 quarn
548 1408 742 1486 Digestorum
768 1411 950 1488 fragmenta,
982 1411 1089 1486 quibus

79 1519 140 1560 non
170 1497 231 1557 nisi
263 1497 399 1557 cautione
432 1497 567 1555 adhibita
597 1499 700 1556 utaris.
752 1499 831 1575 quod
864 1499 901 1558 ad
932 1519 1090 1558 numerum

79 1590 321 1664 fragmentorum
349 1604 367 1644 a
393 1586 467 1644 iuris
495 1586 638 1645 consultis
667 1588 793 1664 singulis
818 1589 849 1645 in
873 1587 1007 1664 Digestis
1030 1607 1090 1648 ser-

78 1682 233 1751 vatorum,
265 1676 395 1751 primum
427 1673 526 1734 locum
552 1674 710 1751 Pomponii
737 1676 776 1734 ad
804 1675 836 1745 Q.
859 1676 992 1735 Mucium
1019 1677 1090 1736 libri

78 1767 230 1843 obtinent,
263 1763 315 1840 qui
346 1781 405 1822 non
436 1763 535 1822 minus
563 1783 653 1840 quam
682 1765 893 1838 septemdecim
920 1765 1091 1842 fragmenta

78 1855 227 1930 afferunt,
264 1851 427 1912 secundum
461 1851 560 1910 locum
596 1853 718 1927 Ulpiani
753 1852 838 1929 libri,
875 1854 927 1930 qui
964 1854 1090 1912 sedecim

76 1944 250 2021 fragmenta
279 1941 404 2016 habent,
435 1959 565 2016 quorum
592 1940 731 1999 undecim
758 1941 842 1999 libris
871 1942 908 1999 ad
937 1941 1090 2019 Sabinum,

77 2033 213 2110 quinque
246 2029 285 2088 ad
314 2028 445 2088 edictum
472 2028 557 2087 libris
585 2029 744 2104 debentur,
775 2029 899 2087 tertium
928 2028 1032 2088 Celsus
1060 2035 1091 2088 et

77 2121 208 2195 Paulus,
230 2136 298 2177 cum
320 2117 402 2176 illins
424 2117 619 2193 Digestorum
643 2121 673 2176 et
695 2117 784 2176 huius
807 2117 845 2175 ad
868 2117 999 2176 edictum
1021 2117 1091 2176 libri

76 2214 126 2270 ter
150 2209 321 2285 fragmenta
343 2206 523 2266 contineant.
570 2206 651 2279 libri,
676 2207 728 2281 qui
749 2206 903 2264 Mucianus
927 2207 1091 2264 sententias

77 2298 252 2375 proferunt,
284 2295 447 2355 secundum
479 2299 657 2372 argumenta
689 2295 815 2372 denique
848 2295 985 2370 dispositi
1012 2295 1091 2354 hunc

78 2387 217 2448 ordinem
230 2384 355 2443 habent:
370 2384 501 2458 primum
514 2384 613 2443 locum
628 2384 763 2444 obtinent
777 2383 846 2442 libri
861 2384 899 2442 ad
909 2382 941 2453 Q.
950 2383 1091 2461 Mucium,

77 2474 245 2536 secundum
271 2472 310 2532 ad
333 2471 477 2531 Sabinum
505 2472 588 2543 libri,
616 2474 741 2532 tertium
768 2473 806 2531 ad
832 2472 977 2549 edictum,
1005 2493 1092 2550 quar-

78 2569 147 2625 tum
179 2562 376 2640 Digestorum
407 2560 489 2637 libri,
524 2561 667 2621 ultimum
700 2561 929 2636 Quaestionum,
962 2562 1093 2637 Respon-

80 2672 199 2727 sorum,
229 2649 459 2726 Definitionum,
486 2649 671 2724 Regularum
697 2651 776 2709 libri.
826 2650 969 2709 maiorem
996 2650 1092 2709 totius

80 2740 200 2801 numeri
222 2741 339 2815 partem
363 2738 402 2819 ad
419 2739 551 2797 Mucium
575 2741 605 2797 et
628 2739 666 2797 ad
686 2739 829 2797 Sabinum
852 2739 979 2814 scriptos
998 2739 1090 2798 libros

80 2829 235 2891 continere
259 2830 393 2903 apparet.

170 2916 250 2978 Iuris
273 2910 412 2990 consulti,
436 2933 563 2990 quorum
581 2915 748 2974 sententiae
769 2916 799 2973 in
817 2915 951 2992 Digestis
972 2916 1092 2990 saepius

81 3007 204 3085 quidem
236 3004 427 3080 adlegantur,
460 3004 513 3062 sed
540 3004 592 3079 qni
621 3022 770 3081 nusquam
797 3004 931 3063 Mucium
958 3004 1092 3082 laudant,

83 3099 153 3156 sunt
176 3095 240 3154 fere
262 3092 390 3151 Alfenus
413 3092 525 3167 Varus,
553 3091 685 3163 Cassius,
709 3092 868 3169 ProculuS,
892 3093 1015 3163 Pedius,
1039 3092 1092 3150 Pe-

83 3202 184 3263 gasus,
209 3181 388 3256 Octauenus,
411 3180 558 3257 Plautius,
582 3181 782 3258 Florentinus,
801 3181 972 3256 Marcellus,
991 3179 1092 3240 Cervi·

84 3274 151 3333 dius
171 3270 324 3346 Scaevola,
348 3268 547 3328 Callistratus.
589 3269 669 3344 qnod
687 3270 779 3328 Mucii
802 3289 909 3329 nomen
932 3270 963 3327 in
986 3270 1094 3329 horum

84 3361 170 3421 libris
193 3362 322 3435 tacetur,
345 3358 456 3434 partim
480 3376 514 3417 eo
539 3359 712 3433 explicatur,
737 3358 817 3433 quod
839 3357 1039 3417 Tribonianus
1061 3359 1094 3416 in

85 3447 335 3510 transscribendis
354 3446 530 3524 fragmentis
549 3446 642 3505 Mucii
661 3464 769 3504 nomen
788 3447 887 3506 delere
904 3447 1014 3522 iussit,
1028 3465 1101 3521 par·

86 3539 141 3598 tim
168 3556 217 3614 eo,
245 3535 323 3612 quod
350 3535 381 3594 in
407 3535 493 3596 libris
521 3535 560 3596 ad
584 3535 724 3599 edictum
745 3539 820 3600 ante
842 3537 960 3600 Seueri
979 3542 1134 3608 tempora·
