2422 3840
99 156 141 221 82
179 157 225 211 lV.
245 156 389 211 SEPTIMI
404 156 501 212 stac.
516 157 613 212 IURIS
629 156 802 213 consuti.
818 157 1106 215 salemanniam

97 328 201 404 itaque
224 326 280 386 hoc
299 325 364 384 loco
383 325 475 385 ctiam
493 324 669 402 pontificum
687 324 723 385 de
742 326 833 386 sacris
852 326 1005 387 decretum
1023 347 1106 406 repe·

98 413 222 475 tendum
239 413 367 492 videtur,
386 414 467 491 quod
483 415 516 473 in
529 414 622 473 Mucii
638 415 713 475 iuris
733 415 830 475 civilis
846 415 938 476 libros
951 421 1106 493 receptum

97 505 191 566 fuisse
205 502 355 563 Ciceronis
373 502 410 561 de
428 502 713 581 legitimatam
733 504 826 564 verba
844 505 917 564 satis
936 506 1107 565 luculenter

98 593 231 654 indicant
247 593 332 652 haec:
357 585 599 652 ‘innumerabilia
616 597 790 670 nascuntur,
814 593 923 670 quibus
941 594 1106 670 implentur

99 681 445 742 iurisconsultorum
476 680 571 741 libri.
627 685 813 758 quaeruntur
845 683 936 760 enim,
970 684 1023 758 qui
1056 683 1106 744 ad-

98 771 286 849 stringantur
311 770 404 829 sacris
427 813 457 829 ..
480 770 553 829 haec
575 787 629 828 nos
653 787 671 827 a
694 769 836 830 Scaevola
859 765 1030 832 didicimus'

98 861 200 938 itaque
223 878 260 919 ex
278 858 369 918 Mucii
391 857 477 917 libris
499 875 537 917 ea
559 875 634 935 quae
652 857 755 936 tradit,
778 857 950 918 Ciceronem
969 860 1107 938 desump-

97 950 170 1012 sisse
194 948 268 1009 satis
290 949 424 1025 apparet.

185 1038 230 1097 De
253 1035 427 1115 quaestione
450 1027 519 1112 ‘qui
542 1033 768 1111 adstringantur
789 1029 897 1096 sacris'
921 1036 952 1096 in
971 1043 1106 1098 tractatu

97 1128 133 1188 de
156 1126 288 1186 familiae
312 1123 501 1184 erciscundae
523 1124 634 1184 iudicio
656 1123 788 1183 Mucium
812 1125 920 1186 dixisse
943 1126 1105 1187 verisimile

97 1219 151 1277 est.
179 1215 319 1274 Huschke
335 1231 452 1290 quoque
466 1212 504 1270 ad
518 1210 668 1273 Ciceronis
682 1214 781 1272 locum
795 1214 932 1274 adnotet:
948 1209 1041 1274 ‘inter
1056 1235 1105 1276 eos

98 1298 151 1386 (sc.
166 1295 305 1382 heredes)
324 1305 389 1361 erat
407 1301 484 1361 actio
502 1301 633 1361 familiae
652 1301 852 1379 erciscundae,
872 1322 931 1380 qua
950 1304 1002 1381 qui
1021 1322 1105 1365 sacra

97 1395 222 1468 lecerat,
249 1395 363 1451 ceteros
391 1390 427 1449 de
454 1389 649 1450 indemnitate
678 1391 834 1451 convenire
862 1385 1003 1468 poterat'
1049 1413 1105 1470 ego

98 1481 186 1558 malo,
209 1500 277 1539 cum
299 1479 380 1539 inter
398 1482 549 1538 consortes
567 1479 663 1537 maior
681 1481 755 1539 natu
775 1480 873 1541 socius
890 1500 945 1557 pro
965 1482 1104 1542 omnibus

97 1588 182 1630 sacre
204 1569 318 1629 faceret
335 1567 484 1627 communi
502 1571 633 1646 sumptu,
657 1587 706 1628 eos
725 1569 777 1645 qui
794 1570 991 1630 hereditatem
1010 1571 1105 1631 dividi

97 1659 301 1735 decreverunt,
324 1659 455 1716 statuere
479 1655 625 1734 debuisse,
648 1676 706 1734 quo
730 1657 817 1716 modo
841 1676 1003 1736 sacrorum,
1027 1678 1104 1736 quae

96 1765 157 1807 una
179 1751 210 1806 et
232 1745 400 1806 communia
417 1745 586 1821 manebant,
610 1749 747 1822 sumptus
767 1746 976 1806 contribuendi
994 1751 1104 1808 essent.

97 1854 166 1896 nam
188 1835 219 1894 in
242 1833 408 1895 hereditate
431 1834 594 1894 dividunda
612 1853 672 1893 non
691 1853 776 1894 secra
795 1835 891 1895 divisa
909 1837 939 1894 et
955 1837 1103 1914 multipli-

97 1927 165 1986 cata
187 1941 261 2001 csse,
282 1924 314 1985 et
332 1922 483 2002 Ciceronis
505 1923 597 1984 verba
620 1923 781 1983 ostendunt
804 1927 836 1983 et
857 1943 904 1983 res
924 1925 990 2000 ipsa
1008 1925 1103 1986 docet.

184 2013 323 2088 Illorum,
351 2011 403 2090 qui
429 2010 693 2088 adstringebantur
721 2013 812 2072 sacris
840 2031 974 2090 quosque
999 2012 1103 2075 Cicero

97 2106 260 2180 enumerat,
283 2102 414 2161 Mucium
437 2119 497 2160 non
514 2119 573 2159 uno
592 2103 711 2160 tantum
729 2102 816 2160 modo
835 2103 901 2162 loco
920 2103 1101 2163 mentionem

95 2193 201 2253 fecisse
223 2191 351 2268 videtur,
375 2189 427 2249 sed
449 2188 572 2249 diversis
595 2188 669 2247 locis
691 2189 855 2249 secundum
878 2209 1046 2269 causarum,
1068 2212 1103 2252 ex

96 2281 205 2360 quibus
228 2278 506 2355 adstringebantur,
529 2275 741 2353 diversitatem,
765 2279 880 2338 scilicet
901 2282 937 2337 ut
959 2281 1103 2340 heredum

95 2370 126 2429 in
147 2368 259 2428 iudicio
282 2367 414 2425 familiae
437 2364 628 2425 erciscundae
651 2367 833 2444 explicando,
856 2367 901 2426 ita
923 2367 1051 2428 aliorum
1072 2371 1103 2429 in

19 2481 21 2485 ¹
95 2457 274 2531 usucapione
302 2454 478 2513 hereditatis
504 2455 553 2513 vel
581 2456 611 2512 in
638 2457 728 2514 rebus
753 2456 887 2515 defuncti
910 2457 1030 2516 creditis
1055 2478 1103 2517 ex·

94 2544 250 2622 plicandis.
299 2543 377 2618 quod
409 2543 481 2602 item
509 2547 539 2601 et
566 2562 597 2602 re
624 2543 690 2620 ipsa
717 2544 867 2603 indicatur
895 2547 925 2603 et
952 2543 1103 2606 Ciceronis

95 2634 194 2694 verbis
209 2632 427 2709 comprobatur,
441 2651 511 2690 nam
525 2632 598 2692 iuris
614 2633 819 2691 consultorum
828 2633 921 2693 libros
931 2634 1102 2694 innumera·

94 2723 205 2783 bilibus
233 2720 322 2780 rebus
349 2721 468 2796 impleri
492 2720 543 2779 vix
567 2720 664 2780 dicere
686 2723 794 2798 potuit,
818 2722 842 2780 si
866 2723 902 2780 de
926 2724 1018 2783 sacris
1041 2743 1103 2784 uno

95 2815 213 2870 tantum
237 2809 300 2869 loco
324 2809 544 2870 tractavissent.

422 2969 477 3039 [Dc
494 2971 644 3038 partitione
662 2971 771 3042 iccata]

184 3069 211 3134 1.
236 3069 274 3134 D.
294 3071 345 3151 32,
364 3071 415 3152 29,
437 3072 464 3134 1.
500 3070 608 3133 Labeo
628 3071 711 3134 libro
732 3072 871 3136 secundo
885 3074 1100 3156 posteriorum

95 3157 279 3224 alavoleno
299 3160 554 3242 epitomatorem.
571 3195 612 3205 —
629 3158 708 3224 Cum
727 3160 775 3224 ita
793 3162 934 3244 legatum
951 3166 1046 3247 esset,
1065 3167 1101 3227 ut

94 3247 180 3312 Titia
203 3270 283 3312 uxor
307 3270 377 3311 mea
400 3249 586 3311 tantundem
611 3251 736 3332 partem
759 3249 887 3333 habeat,
910 3253 1099 3333 quantulam

94 3359 174 3401 unus
203 3337 310 3418 heres,
340 3338 366 3400 si
393 3357 457 3400 non
485 3337 634 3419 aequales
663 3342 772 3421 partes
801 3342 908 3402 essent
936 3338 1099 3421 heredum,

94 3424 231 3502 Quintus
251 3424 375 3489 Mucius
400 3428 432 3488 et
452 3422 563 3488 Gallus
587 3427 755 3508 putabant,
779 3427 953 3491 maximam
973 3433 1098 3512 partem

93 3515 235 3598 legatam
261 3536 343 3597 esse,
367 3515 441 3607 quia
464 3515 497 3575 in
521 3514 643 3578 maiore
666 3516 770 3579 minor
794 3517 922 3580 inesset.
