2422 3840
94 142 160 205 274
196 141 255 198 VII.
278 141 413 197 OCTAVI
429 141 529 198 SAEO.
543 141 639 198 IURIS
655 140 827 197 CONSULT.
842 140 919 198 sss.
934 135 1110 225 SECUNDA

96 315 163 369 octo
200 310 454 386 conscripserunt,
491 329 620 386 quorum
656 329 757 370 omnes
794 310 847 385 qui
878 311 1004 369 fuerunt
1036 310 1110 369 libri

96 398 205 474 digesti
233 401 304 457 sunt
331 399 368 458 ab
391 399 512 458 Aufidio
535 398 670 457 Namusa
697 400 728 457 in
755 401 874 458 centum
903 399 1111 476 quadraginta

95 488 197 546 libroe.
243 507 278 546 ex
305 487 351 546 hir
379 488 566 547 auditoribus
594 487 757 563 plurimum
785 487 976 548 auctoritatis
1000 488 1111 548 habuit

95 577 222 635 Alfenus
245 575 345 636 Varus
369 579 400 635 et
422 577 520 635 Aulus
543 574 649 634 Ofilius
675 571 737 635 ...'

184 664 267 735 Quae
290 665 383 724 verba
400 666 527 724 maxime
551 665 643 723 dubia
664 684 725 724 non
746 664 842 740 ipsius
861 665 1030 743 Pomponii,
1055 666 1109 724 scd

87 755 204 830 partim
237 754 411 813 Triboniani
449 772 513 812 esse
550 756 683 828 apparet.
737 753 828 830 „Man
863 753 917 812 hat
949 755 1007 813 mit
1039 754 1109 813 dem

94 842 309 918 Widerspruch
339 863 374 900 zu
402 842 556 919 kampton,
589 841 657 901 dass
684 841 866 917 Pomponius
893 837 1012 921 (potius
1041 843 1108 901 Tri·

95 929 257 1010 boniauus)
356 935 417 988 eret
444 932 502 989 alle
531 930 604 989 zehn
628 930 754 990 Schiilcr
776 930 886 1008 gerade
909 931 955 990 als
981 931 1108 991 Schrift

30 1044 33 1049 ⁴
95 1021 199 1080 steller
234 1020 477 1097 hervorgehobsn
513 1019 568 1078 hat
604 1012 680 1098 (fere
712 1021 814 1078 tamen
846 1019 878 1077 hi
909 1019 1007 1080 libros
1040 1039 1106 1080 con·

96 1100 301 1186 scripserunt),
325 1109 404 1167 dauu
426 1109 499 1166 aber
522 1109 599 1185 sapt,
623 1107 690 1167 dass
712 1127 771 1167 nur
788 1108 859 1167 aoht
877 1107 1038 1168 dersclbcn
1057 1128 1106 1186 ge·

95 1198 250 1258 schrieben
281 1193 404 1255 hatten“
437 1195 574 1274 Krueger
605 1216 634 1272 p.
659 1198 709 1256 66.
741 1217 770 1268 u.
796 1199 845 1256 63.
895 1195 1104 1274 Pomponium,

95 1287 147 1364 qui
179 1305 197 1344 a
229 1285 332 1345 Servio
369 1285 514 1361 plurimos
546 1285 696 1360 profectos
729 1303 794 1345 esse
825 1284 967 1359 tradidit,
1006 1286 1104 1346 decem

96 1375 247 1434 auditores
274 1374 443 1433 nominasse
470 1376 558 1451 puto,
587 1373 638 1450 qui
665 1373 757 1433 libros
781 1374 1023 1450 conscripserint.
1068 1374 1103 1432 ab

95 1463 142 1522 his
179 1465 246 1522 octo
283 1463 447 1538 separavit,
483 1481 609 1537 quorum
644 1461 737 1522 libros
772 1462 907 1520 Namusa
943 1462 977 1521 in
1014 1482 1104 1522 unum

96 1570 203 1628 corpus
235 1551 395 1612 coniunxit.
446 1552 496 1627 qui
529 1554 595 1610 octo
627 1551 650 1608 ii
682 1550 832 1611 auditores
864 1551 998 1610 habendi
1027 1555 1103 1626 sunt,

96 1658 223 1717 quorum
258 1640 380 1698 nomina
412 1639 610 1699 Triboniauus
646 1640 810 1714 praemisit.
865 1637 997 1699 duorum
1034 1658 1102 1716 ergo

95 1729 217 1787 illorum
245 1747 318 1804 quos
346 1729 511 1804 plurimum
538 1729 726 1788 auctoritatis
754 1728 893 1787 habuisse
921 1727 1109 1807 Pomponius

95 1817 197 1888 tradit,
222 1817 336 1876 scilicet
353 1817 455 1875 Alfeni
473 1817 547 1875 Vari
566 1823 597 1876 ct
614 1817 688 1875 Auli
705 1814 794 1893 Ofilii,
812 1817 883 1875 fibri
901 1816 934 1874 iu
951 1817 1103 1876 Namusae

96 1924 203 1981 corpus
227 1906 338 1981 recepti
361 1925 421 1964 nou
443 1905 591 1966 videntur.
637 1924 696 1982 qua
720 1905 755 1964 ds
778 1925 811 1964 re
834 1905 1029 1966 consentiunt
1050 1904 1105 1966 viri

97 1995 177 2054 docti
204 1995 240 2052 H.
260 1995 383 2054 Pernice
406 1994 598 2054 Miscellanea
620 2014 649 2070 p.
670 1996 725 2072 33,
752 1993 788 2053 A.
808 1993 933 2053 Pernice
962 1993 1064 2055 Labeo
1081 1993 1104 2071 Ι,

96 2105 125 2161 p.
142 2087 159 2144 9
182 2103 209 2143 n.
227 2085 276 2160 13,
300 2083 437 2166 Krusger
456 2104 484 2158 p.
502 2085 551 2143 66.

186 2170 260 2230 Oum
284 2172 319 2230 ds
338 2172 490 2230 Namusae
514 2189 602 2246 opere
624 2170 701 2229 nihil
723 2171 806 2229 aliud
828 2171 975 2242 traditum
997 2173 1046 2246 sit
1070 2172 1104 2230 de

97 2263 161 2321 sius
184 2263 294 2319 natura
318 2264 348 2319 et
370 2259 470 2319 indole
493 2261 552 2319 viri
575 2259 655 2319 docti
677 2259 765 2319 valde
789 2259 979 2319 dissentiunt.
1027 2259 1106 2336 quod

96 2341 542 2427 Βγ616666166616(ο666668,1)
560 2349 695 2424 putabat,
713 2348 840 2424 Digesta
859 2367 877 2407 a
895 2347 994 2408 Gellio
1008 2351 1103 2426 7,5,1

97 2440 206 2497 Alfeno
241 2437 390 2512 adscripta
422 2437 534 2496 Aufidii
567 2456 642 2511 opus
675 2455 752 2506 esse.
787 2436 967 2496 Mommsen·
987 2455 1106 2515 quoque

98 2519 143 2607 (Z.
159 2527 180 2584 f.
193 2527 248 2601 Rg.
264 2525 333 2600 VII,
349 2518 428 2607 480)
457 2526 577 2584 conicit:
610 2520 736 2584 ‘Meiner
762 2525 905 2602 Meinung
934 2527 1013 2586 nach
1042 2526 1106 2586 siud

98 2615 178 2673 diese
196 2615 340 2691 Digesten
365 2608 431 2694 (des
446 2608 593 2694 Namusa)
612 2614 697 2672 nicht
714 2613 906 2673 verschiedcn
924 2634 984 2675 ron
1004 2615 1107 2693 denen,

98 2703 145 2762 die
177 2703 226 2762 bei
259 2701 373 2761 Gellius
404 2703 465 2761 und
497 2703 528 2761 in
560 2704 617 2762 den
649 2695 930 2783 (Iustinianischen)
963 2704 1107 2781 Digesten
1138 2762 1141 2767 .

97 2795 186 2851 unter
217 2791 284 2849 dem
311 2790 427 2850 Namen
459 2792 511 2850 des
540 2791 666 2850 Alfenus
699 2791 859 2869 angefdhrt
887 2787 1028 2866 werden',
1056 2791 1108 2852 sed

97 2883 170 2952 haec
198 2879 369 2939 coniectura
396 2880 583 2956 comprobari
609 2881 721 2956 nequit.
768 2880 804 2938 cf.
828 2879 866 2937 H.
889 2879 1015 2940 Pernice
1038 2881 1107 2940 Mis·

100 2969 232 3029 cellanea
254 2989 282 3043 p.
299 2970 394 3045 32sq.
435 2969 572 3046 Kruegsr
594 2989 622 3043 p.
639 2971 688 3029 66.
731 2972 811 3027 certe
833 2967 982 3028 librorum
1004 2987 1106 3029 nume·

97 3077 162 3136 rus,
200 3076 287 3133 quem
324 3057 505 3133 Pomponius
542 3057 654 3115 Aufidii
691 3057 774 3132 operi
809 3056 964 3133 attribuit,
1002 3061 1107 3117 tantus

98 3166 162 3206 esse
195 3146 329 3222 videtur,
360 3150 395 3204 ut
427 3165 557 3205 errorem
590 3145 736 3220 suspicari
753 3145 864 3204 'liceat
915 3146 1107 3222 Mommscuo,

98 3236 149 3312 qui
177 3234 334 3309 Pomponii
366 3235 419 3294 illo
451 3236 516 3294 loco
549 3253 650 3294 vocem
678 3227 830 3293 ‘centum'
859 3233 1016 3294 delendam
1045 3253 1106 3295 6666

98 3328 198 3382 666661
222 3318 264 3399 (p.
280 3326 341 3383 481
358 3316 411 3403 u),
435 3325 466 3382 in
488 3324 543 3381 hac
565 3342 597 3381 re
620 3323 657 3380 H.
676 3322 798 3381 Pernice
820 3343 849 3398 p.
870 3323 910 3382 33
935 3324 1106 3384 assentitur.

99 3412 235 3488 Krueger
267 3430 338 3471 vero
370 3433 398 3487 p.
420 3415 459 3472 68
492 3412 582 3471 huius
615 3411 829 3470 emendationis
861 3431 899 3470 ue
926 3415 1106 3474 mentionem

99 3501 218 3574 quidem
242 3500 322 3558 facit.
