2422 3840
279 866 352 964 III.
396 866 619 966 SEPTIMI
651 866 889 968 SAEGULI

77 1042 226 1141 IURIS
259 1042 659 1142 CONSULTORUM
691 1043 879 1143 saulus
912 1045 1087 1143 PRIMA

78 1261 103 1309 1.
122 1256 159 1310 Μ.
174 1255 289 1311 Porcius
309 1255 377 1312 Cato
396 1255 434 1312 ll.
449 1257 468 1311 f.
489 1287 520 1296 —
541 1261 564 1310 2.
581 1256 617 1311 M.
631 1255 727 1311 iunius
745 1257 852 1311 Brutus.
875 1289 905 1297 -
926 1265 951 1313 3.
966 1258 1011 1311 Μ’.
1026 1259 1086 1313 Ma·

76 1327 172 1382 uilius.
190 1357 224 1367 -
243 1331 268 1381 4.
284 1327 314 1382 O.
328 1325 424 1382 Livius
441 1327 469 1382 O.
485 1328 505 1382 f.
520 1328 630 1381 Drusus.
645 1357 678 1367 -
694 1333 718 1382 5.
734 1327 765 1381 L.
780 1327 890 1382 Cassius
905 1330 1031 1384 Hemina.
1051 1361 1085 1371 -

76 1404 102 1452 6.
126 1398 157 1463 Q.
176 1399 279 1453 Fabius
297 1397 436 1452 Maximus
456 1399 634 1453 servilianus.
653 1429 688 1438 -
712 1403 736 1452 7.
757 1398 787 1454 L.
809 1399 908 1454 Furius
927 1400 1031 1455 Philus.
1052 1433 1087 1442 -

75 1474 102 1522 8.
118 1467 175 1524 Ser.
191 1469 295 1524 Fabius
309 1467 411 1523 Pictor.
432 1501 464 1508 -
485 1476 509 1523 9.
525 1468 554 1521 P.
566 1467 688 1523 Licinius
703 1470 816 1524 Crassus
831 1471 915 1525 Dives
930 1471 1085 1528 Mucianus.

75 1571 110 1580 -
131 1545 173 1594 10.
189 1539 218 1596 P.
234 1539 341 1594 Mucius
361 1541 503 1595 Scaevola.
525 1571 557 1580 -
579 1546 620 1594 11.
635 1538 664 1594 G.
679 1541 858 1609 Sempronius
873 1543 1036 1598 Tuditanus.
1052 1574 1086 1584 -

77 1615 119 1666 12.
135 1610 167 1676 Q.
181 1609 291 1666 Mucius
306 1611 337 1676 Q.
351 1611 371 1664 f.
387 1610 417 1676 Q.
433 1629 459 1665 n.
475 1611 618 1665 Scaevola.
635 1643 667 1650 -
684 1616 724 1665 13.
739 1612 773 1664 M.
786 1610 882 1665 Iunius
897 1613 1085 1669 Gracchanus.

76 1712 109 1722 -
140 1687 181 1738 14.
206 1680 234 1738 0.
259 1681 379 1737 Marcius
403 1681 527 1751 Figulus.
555 1713 586 1722 -
615 1685 655 1735 15.
681 1681 836 1737 Hostilius?
860 1714 893 1724 —
919 1690 959 1738 16.
984 1684 1087 1740 Incerti

330 1769 501 1822 responsum.
522 1783 554 1792 -
579 1758 619 1807 17.
638 1751 715 1806 Libri
734 1752 829 1822 spurii.

265 1984 304 2067 l.
340 1989 387 2061 M.
415 1987 612 2061 POROIUS
640 1987 762 2061 cluo
789 1987 838 2060 M.
865 1988 904 2062 F.

162 2154 253 2210 uatus
269 2145 348 2210 circa
363 2152 511 2230 562sl92,
526 2153 648 2226 praetor
661 2150 731 2210 anui
748 2145 896 2230 6031151,
910 2153 943 2208 ut
955 2149 1085 2229 videtur,

75 2239 258 2315 designatae,
283 2240 335 2298 sed
357 2240 416 2297 iam
441 2243 567 2299 exeunte
591 2257 670 2299 auno
695 2235 832 2319 602s152
857 2242 993 2298 mortuus
1015 2244 1083 2299 aute

73 2332 199 2404 patrem.

488 2434 676 2511 Responsa.

163 2557 306 2618 Catonem
352 2557 575 2617 consulentibus
616 2557 745 2617 libenter
783 2576 926 2635 responsa
966 2559 1082 2619 dedisse

72 2651 188 2706 certum
218 2652 272 2706 est.
318 2639 423 2706 Cicero
452 2647 489 2705 de
517 2648 591 2705 orat.
616 2648 645 2723 2,
665 2648 706 2706 32
727 2644 746 2721 ἓ
768 2649 830 2706 142
856 2641 953 2706 ‘rideo
1050 2649 1082 2708 in

72 2734 196 2795 Catonis
225 2739 256 2795 et
283 2735 314 2794 in
342 2735 430 2794 Bruti
457 2735 542 2794 libris
569 2735 745 2793 nominatim
773 2736 835 2794 fere
862 2737 980 2814 referri,
1009 2737 1082 2811 quid

72 2825 164 2884 alicui
188 2825 224 2883 de
247 2824 312 2883 iure
335 2826 400 2885 viro
424 2826 478 2883 aut
500 2822 619 2882 mulieri
642 2817 873 2899 responderint'.

161 2912 317 2972 Nonnulla
335 2915 504 2988 supersunt,
523 2930 599 2988 quae
619 2910 692 2971 Cato
711 2912 742 2970 in
761 2913 988 2972 commentarios
1007 2913 1081 2973 iuris

71 3001 169 3063 civilis
193 3002 314 3077 recepit.

163 3130 192 3194 1.
212 3129 249 3193 D.
260 3131 312 3212 24,
323 3130 406 3211 3,44
415 3153 461 3213 pr.
486 3128 605 3194 Paulus
620 3129 703 3193 libro
719 3129 831 3212 quinto
847 3127 1079 3204 Quaestionum

70 3216 120 3306 (P.
138 3217 249 3304 1333).
269 3255 307 3264 -
329 3215 364 3283 Si
384 3240 474 3283 socer
494 3241 513 3282 a
532 3237 648 3302 genero
667 3217 759 3281 heres
778 3217 946 3281 institutus
966 3217 1081 3282 adierit

70 3307 296 3389 hereditatem,
318 3307 506 3391 quandoque
527 3310 656 3371 mortuo
675 3311 765 3390 patre
785 3327 863 3370 cum
875 3304 1004 3368 beredo
1021 3307 1099 3366 exus

71 3396 174 3461 filiam
202 3396 241 3460 de
269 3395 344 3460 dote
371 3401 515 3463 acturam
540 3393 652 3465 Nerua
678 3400 715 3464 et
736 3394 826 3464 (luto
849 3391 1132 3476 restitutorum,

867 3500 905 3553 ‘2ss
