2422 3840
99 178 120 241 6
277 181 298 236 I.
322 178 448 246 QUINTI
467 178 619 235 SAECULI
637 179 732 234 IURIS
753 178 928 236 CONSULTI

101 349 196 421 patris
232 353 382 425 potestate
417 351 531 426 manet,
569 349 594 406 si
630 350 788 424 quotannis
820 351 995 410 trinoctium
1027 353 1108 428 apud

100 439 217 511 patrem
250 439 367 497 habitet
398 439 499 514 itaque
532 437 589 495 viri
620 439 864 498 consuetudinem
896 440 1106 516 interrumpat.

100 523 175 584 Gall.
196 529 223 585 3.
245 530 273 602 2,
296 525 336 603 ἐξ
358 530 407 585 12.
429 529 478 587 13.

188 615 285 675 Huius
318 635 388 694 ergo
420 615 537 693 generis
570 615 702 674 actiones
730 616 862 691 Appium
889 615 1048 676 Claudium
1075 620 1108 678 in

99 702 176 763 libro
200 705 235 763 de
258 705 503 780 usurpationibus
527 704 697 780 exposuisse
721 707 859 780 apertum
881 710 936 798 est.

415 1007 454 1088 2.
492 1011 563 1086 CN.
590 1011 794 1084 FLAVIUS

398 1156 502 1215 aerius
526 1157 637 1215 eurum
660 1158 808 1237 456664.

185 1280 366 1356 Pomponius
395 1278 414 1356 ξ
440 1284 457 1340 7
489 1274 608 1357 ‘postea
636 1299 703 1339 cum
726 1282 843 1357 Appius
867 1281 1011 1342 Claudius
1038 1303 1107 1360 pro-

96 1368 247 1445 posuisset
271 1373 301 1428 et
325 1370 362 1427 ad
385 1370 512 1429 formam
534 1369 699 1447 redegisset
721 1371 776 1428 has
800 1371 932 1430 actiones
956 1364 1009 1453 (sc.
1029 1393 1105 1448 quae

97 1461 185 1516 antea
212 1458 292 1533 apud
315 1458 475 1534 collegium
497 1458 672 1532 pontificum
695 1451 809 1538 erant),
838 1458 957 1519 Gnaeus
982 1460 1106 1520 Flavius

97 1546 196 1606 scriba
210 1547 274 1606 eius
289 1546 421 1605 libertini
436 1547 516 1606 filius
531 1546 706 1622 subreptum
720 1547 830 1606 librum
845 1549 956 1623 populo
971 1550 1106 1624 tradidit,

97 1638 127 1693 et
151 1634 224 1694 adeo
247 1639 367 1713 gratum
390 1637 449 1694 fuit
471 1636 502 1693 id
525 1653 632 1694 munus
653 1636 772 1711 populo,
796 1639 831 1694 ut
849 1637 989 1697 tribunus
1008 1638 1105 1713 plebis

95 1723 181 1782 fieret
204 1727 235 1782 et
258 1727 377 1784 senator
401 1727 431 1783 et
454 1723 559 1783 aedilis
578 1717 712 1784 curulis'.
752 1723 816 1784 Liv.
837 1728 865 1800 9,
885 1727 926 1785 46
951 1719 1103 1785 (06116-

95 1813 162 1871 vius
178 1859 185 1872 .
200 1859 206 1872 .
223 1861 228 1872 .
244 1813 332 1873 civile
363 1813 410 1872 ius
443 1812 609 1889 repositum
636 1813 668 1870 in
697 1814 901 1888 penetralibus
929 1815 1104 1890 pontificum

96 1896 270 1979 evulgavit'.
313 1902 371 1962 Cic.
392 1903 430 1960 ad
449 1902 512 1961 Att.
534 1903 640 1973 6.1,8
666 1894 731 1960 ‘nec
754 1903 841 1977 pauci
865 1907 936 1961 sunt
959 1907 1104 1982 auctores,

96 1988 147 2048 On.
170 1989 308 2051 Flavium
336 1991 462 2050 scribam
490 1992 584 2049 fastos
616 1989 777 2065 protulisse
806 1991 995 2067 actionesque
1026 2012 1103 2052 com-

94 2074 249 2153 posuisse’.

381 2168 441 2226 Ius
465 2166 572 2226 civile
596 2167 816 2226 Flavianum.

181 2283 364 2359 Pomponius
402 2280 421 2357 ξ
452 2286 469 2341 7
508 2275 572 2340 ‘hic
604 2282 680 2340 liber
712 2283 765 2359 qui
797 2282 926 2343 actiones
960 2285 1103 2361 continet,

94 2371 264 2446 appellatur
299 2371 347 2430 ius
384 2371 471 2430 civile
504 2370 692 2444 Flavianum,
730 2372 807 2430 sieut
843 2371 895 2430 ille
931 2371 979 2430 ius
1015 2373 1103 2432 civile

94 2459 300 2536 Papirianum,
327 2477 396 2517 nam
423 2478 478 2518 nec
505 2458 623 2518 Gnaeus
646 2459 769 2519 Flavius
797 2461 833 2519 de
862 2478 915 2519 suo
944 2460 1103 2537 quicquam

94 2549 204 2608 adiecit
230 2543 327 2607 libro'
373 2549 464 2608 verba
491 2567 567 2625 quae
594 2548 641 2607 hic
670 2549 704 2606 de
728 2549 794 2607 iure
817 2549 976 2623 Papiriano
999 2550 1103 2627 legun·

94 2639 146 2696 tur
178 2656 314 2712 quaeque
348 2637 539 2696 illustrantur
568 2629 640 2712 §12
669 2637 768 2696 verbis
804 2630 891 2712 ‘quae
924 2630 977 2717 (sc.
1005 2636 1103 2719 leges)

95 2743 196 2784 omues
216 2725 400 2800 conscriptae
421 2727 540 2785 exstant
557 2726 588 2783 in
607 2726 683 2784 libro
703 2725 786 2784 Sexti
804 2725 916 2801 Papirii
935 2774 941 2785 .
957 2773 963 2785 .
982 2725 1008 2785 is
1026 2727 1104 2786 liber

95 2859 146 2874 ...
166 2814 337 2890 appellatur
355 2815 401 2873 ius
421 2815 508 2874 civile
524 2808 737 2889 Papirianum,
756 2813 954 2889 Pomponium
972 2815 1019 2873 vel
1039 2816 1103 2876 eius

94 2906 246 2962 auctorem
269 2903 380 2962 librum
398 2903 510 2979 Papirii
529 2903 771 2979 antiquissimum
789 2905 912 2978 putasse
934 2904 1103 2981 ostendunt,

94 3009 153 3067 qua
176 2991 212 3050 de
235 3011 266 3050 re
289 2992 369 3050 infra
392 2992 559 3051 accuratius
583 2991 795 3066 disputabitur.

182 3080 229 3138 Ex
256 3081 312 3140 hoc
338 3081 416 3140 libro
445 3098 515 3156 pars
541 3081 669 3139 fortasse
692 3097 796 3138 earum
818 3082 958 3139 notarum
982 3085 1104 3156 sumpta

94 3171 149 3245 est,
168 3187 244 3245 quae
264 3170 343 3245 apud
357 3170 394 3228 M.
411 3169 564 3228 Valerium
579 3167 708 3226 Probum
724 3171 843 3226 exstant
858 3168 912 3227 sub
927 3169 1045 3227 rubrica
1060 3163 1103 3229 ‘in

93 3258 169 3334 legis
194 3259 360 3317 actionibus
385 3251 478 3316 haec'.
514 3257 678 3315 Mommsen
697 3257 766 3331 Lpz.
785 3256 852 3316 Ber.
874 3259 958 3317 1853
979 3279 1007 3333 p.
1030 3261 1102 3319 133.

182 3347 233 3406 Ius
257 3346 344 3406 civile
368 3346 545 3405 Flavianum
568 3348 637 3402 ante
660 3344 770 3403 librum
794 3345 830 3404 de
853 3347 1102 3422 usurpationibus

94 3436 293 3510 conscriptum
316 3434 410 3493 fuisse
433 3436 561 3494 nonest
584 3450 637 3491 cur
661 3451 820 3493 sumamus.
