2422 3840
150 130 215 197 302
243 93 318 188 lllll.
333 129 465 187 ccclvi
480 130 579 190 SAEO.
589 132 686 188 lctus
701 130 873 189 consum.
884 133 1010 189 SERIES
1025 134 1160 189 TERTIA

147 294 216 360 fuit.
250 295 334 360 servi
353 318 423 360 eam
443 316 512 360 esse
531 295 699 379 respondit
717 298 820 380 neque
839 296 967 376 referre,
985 298 1052 361 utri
1065 299 1157 382 prius

147 384 291 469 legatum
315 389 408 448 esset.

235 496 272 555 cf.
296 496 393 556 Servii
415 514 558 571 responsa
584 499 632 554 14.

234 606 285 670 34.
309 606 348 669 D.
362 607 415 687 40,
431 608 459 689 1,
474 606 502 670 6.
535 605 674 671 Alienus
691 604 798 671 Varus
821 606 904 671 libro
924 611 1039 690 quarto
1060 607 1157 692 Dige-

146 697 270 759 storum
286 693 334 781 (P.
351 691 417 781 17).
450 693 568 760 Servus
587 695 758 778 pecuniam
777 696 817 760 ob
837 696 1020 760 libertatem
1039 702 1156 778 pactus

146 788 215 847 erat
234 788 267 847 et
286 806 357 848 eam
376 785 506 848 domino
524 783 664 848 dederat.
697 784 847 861 dominus
863 785 953 868 prius
968 805 1065 868 quam
1080 806 1155 848 eum

145 873 397 953 manumitteret,
414 876 559 936 mortuus
574 877 645 936 erat
657 876 916 956 testamentoque
930 873 1068 938 liberum
1084 895 1156 937 esse

144 961 284 1025 iusserat
311 966 343 1025 et
370 962 399 1025 ei
429 961 590 1045 peculium
618 982 712 1026 suum
734 962 907 1046 legaverat.
953 962 1154 1040 consulebat,

145 1070 242 1133 quam
274 1049 444 1132 pecuniam
474 1050 604 1114 domino
635 1049 776 1113 dedisset
808 1050 849 1114 ob
879 1050 1079 1134 libertatem,
1113 1073 1154 1115 an

144 1159 215 1203 eam
251 1138 314 1202 sibi
350 1138 483 1203 heredes
519 1139 650 1222 patroni
685 1138 818 1203 reddere
854 1138 1007 1203 deberent
1043 1160 1152 1203 necne.

144 1226 327 1312 respondit,
363 1227 391 1291 si
428 1249 500 1290 eam
535 1228 705 1311 pecuniam
741 1227 903 1309 dominus,
940 1231 1153 1310 posteaquam

144 1315 329 1400 accepisset,
348 1315 382 1379 in
401 1337 477 1380 suae
496 1317 649 1399 pecuniae
668 1316 827 1380 rationem
846 1316 1021 1398 habuisset,
1040 1316 1152 1380 statim

142 1404 260 1468 desisse
294 1405 362 1468 eins
392 1404 510 1487 peculii
539 1426 622 1487 esse,
655 1405 710 1469 sed
740 1405 768 1468 si
800 1405 939 1486 interea,
970 1405 1045 1468 dum
1079 1427 1151 1468 eum

142 1493 393 1579 manumitteret,
412 1496 579 1578 acceptum
598 1515 689 1558 servo
708 1494 897 1575 rettulisset,
917 1493 1016 1557 videri
1030 1495 1150 1578 peculii

140 1580 240 1644 fuisse
272 1585 305 1645 et
335 1581 449 1645 debere
482 1581 614 1646 heredes
647 1604 718 1645 earn
750 1582 917 1666 pecuniam
950 1583 1149 1647 manumisso

141 1669 281 1733 reddere.

228 1772 264 1830 cf.
289 1771 385 1832 Servii
408 1792 550 1849 responsa
574 1776 624 1835 15.

229 1882 280 1948 35.
301 1882 340 1947 D.
350 1884 404 1966 40,
414 1885 443 1965 l,
454 1884 483 1950 7.
504 1883 593 1947 Idem
609 1882 760 1970 (Alfenus
773 1879 895 1969 Varus)
909 1883 993 1948 libro
1009 1884 1148 1967 septimo

138 1969 346 2055 Digestorum
370 1969 419 2058 (P.
434 1970 501 2057 25).
537 1973 610 2037 Duo
634 1972 855 2037 filiifamilias
878 1972 1056 2055 peculiares
1082 1995 1147 2037 ser-

137 2082 194 2125 vos
223 2061 399 2145 separatim
421 2065 555 2145 uterque
577 2060 752 2126 habebant.
797 2082 835 2124 ex
858 2060 910 2124 his
934 2062 1016 2125 alter
1039 2083 1146 2127 servu·

137 2148 205 2212 lum
238 2171 331 2213 suum
361 2149 556 2233 peculiarem
585 2150 659 2215 vivo
686 2154 780 2235 patre
806 2149 1003 2214 manumisit.
1053 2154 1148 2234 pater

136 2239 263 2322 utrique
295 2240 492 2303 testamento
525 2237 687 2322 peculium
714 2239 965 2322 praelegaverat
1016 2260 1147 2322 quaere-

136 2326 246 2410 batur,
278 2348 389 2391 servus
421 2327 483 2392 iste
515 2330 623 2390 utrum
653 2327 822 2391 amborum
856 2347 897 2390 an
929 2327 997 2390 eius
1031 2349 1050 2390 a
1082 2350 1147 2411 quo

137 2415 354 2479 manumissus
382 2418 452 2478 erat
480 2415 614 2479 libertus
645 2418 738 2479 esset.
789 2415 971 2500 respondit,
999 2414 1026 2479 si
1055 2418 1145 2498 prius

135 2506 366 2567 testamentum
394 2508 487 2587 pater
515 2503 657 2588 fecisset,
681 2525 778 2588 quam
801 2504 886 2568 filius
910 2525 983 2567 eum
1006 2503 1145 2569 liberum

135 2612 206 2655 esse
235 2591 395 2675 iussisset,
424 2591 519 2656 unius
552 2613 621 2657 essa
651 2593 816 2675 libertum,
851 2592 922 2656 ideo
953 2593 1038 2675 quod
1070 2615 1145 2656 eum

136 2701 261 2763 quoque
296 2681 331 2743 in
362 2680 488 2763 peculio
517 2680 643 2764 legasse
672 2681 848 2764 videretur;
881 2679 936 2744 sed
969 2681 998 2744 si
1029 2687 1145 2765 postea

134 2770 365 2832 testamentum
393 2772 486 2853 pater
514 2769 656 2848 fecisset,
683 2791 748 2834 non
776 2768 877 2835 rideri
905 2791 975 2833 eam
1000 2773 1144 2834 mentem

134 2857 202 2921 eius
231 2857 345 2937 fuisse,
378 2861 414 2921 ut
441 2880 529 2941 eum,
559 2859 614 2942 qui
641 2857 857 2923 manumissus
889 2861 987 2940 esset,
1018 2858 1144 2942 legaret

134 2967 270 3030 eumque
285 2967 421 3026 servum,
436 2946 589 3031 quoniam
604 2947 807 3032 praelegatus
822 2968 889 3010 non
904 2951 999 3031 esset,
1013 2952 1142 3011 mortuo

32 3121 33 3124 Ἴ
132 3041 225 3120 patre
249 3035 419 3100 amborum
442 3057 570 3100 servum
595 3035 702 3100 luisse.
763 3094 769 3105 .

221 3146 544 3223 cf.Servii1·esponsa
569 3149 618 3207 16.
655 3221 657 3225 Α

454 3299 498 3354 De
515 3300 667 3368 sumptibus
684 3299 821 3366 seueram.

219 3399 272 3464 36.
299 3398 405 3479 Dte,
421 3399 472 3479 16,
488 3399 562 3465 202.
602 3398 738 3463 Alfenus
763 3397 868 3463 Varus
892 3398 976 3464 libro
1001 3400 1142 3464 secundo

126 3485 339 3568 Digestorum
367 3483 422 3574 (P.
448 3486 514 3573 16).
568 3486 650 3553 Cum
685 3489 720 3551 in
756 3491 950 3552 testamento
984 3489 1141 3571 scriptum
