2422 3840
96 159 161 225 208
199 159 245 216 Vl.
268 157 403 213 OCTAVI
421 156 521 214 sinc.
539 155 636 212 IURIS
648 155 828 213 'CONSUL'D
845 153 970 213 stains
987 155 1105 212 PRIMA

94 323 290 404 faenerares,
323 322 469 407 quamvis
501 342 572 385 eam
600 321 631 384 ei
661 325 807 384 mutuam
834 319 961 384 dederis
990 342 1009 385 a
1040 342 1106 404 quo

96 433 223 476 servare
237 433 303 476 non
317 412 471 494 potueris,
489 432 554 474 non
568 413 676 474 tamen
691 408 827 474 habebis
841 408 992 474 mandati
1002 409 1106 474 actio·

94 522 169 564 nem
192 547 246 564 ...
270 504 303 563 et
325 499 404 565 adeo
428 499 508 564 haee
531 499 579 562 ita
598 501 683 578 sunt,
705 502 743 562 ut
761 502 935 582 quaeratur
954 519 997 563 an
1014 520 1105 563 man-

94 589 162 653 dati
190 592 339 653 teneatur
372 589 427 672 qui
456 587 622 652 mandavit
649 587 724 670 tibi,
756 591 793 650 ut
820 585 907 651 Titio
934 586 1106 671 pecuniam

95 678 287 742 faenerares.
327 676 410 758 [sed]
426 674 556 741 Servius
575 676 721 759 negavit3
745 696 804 739 neo
823 674 929 759 magis
949 676 1011 741 boc
1029 697 1106 741 casu

95 765 330 851 obligationem
358 766 535 830 consistere
562 763 701 848 putavit,
729 784 827 847 quam
855 764 885 827 si
909 765 1107 848 generaliter

100 855 198 942 alicui
221 855 406 931 mandetur,
426 855 477 917 uti
499 852 669 937 pecuniam
692 873 785 917 suam
807 852 997 919 faeneraret.

401 1028 449 1086 De
470 1029 646 1102 negotiorum
666 1028 798 1100 gestione.

188 1139 260 1203 131.
285 1137 321 1202 D.
339 1139 370 1221 3,
384 1137 414 1221 5,
428 1138 472 1201 20
482 1159 528 1220 pr.
560 1135 680 1200 Paulus
697 1132 783 1201 libro
802 1157 888 1201 nono
908 1135 948 1200 ad
968 1137 1107 1204 edictum

97 1224 146 1312 (P.
167 1227 255 1311 191).
371 1224 502 1291 Servius
526 1225 702 1308 respondit,
725 1230 762 1289 ut
785 1229 836 1290 est
856 1225 998 1290 relatum
1022 1229 1107 1311 apud

98 1316 250 1380 Alfenum
283 1315 365 1379 libro
397 1314 587 1398 trigensimo
619 1334 703 1378 nono
730 1313 954 1398 Digestorum:
986 1337 1061 1380 cum
1089 1339 1108 1380 a

96 1404 260 1468 Lusitanis
297 1407 365 1467 tres
403 1404 491 1486 eapti
527 1407 635 1468 essent
668 1405 701 1465 et
733 1424 816 1467 unus
848 1423 887 1467 ea
918 1403 1107 1470 condicione

95 1494 230 1574 missus,
266 1492 314 1555 uti
352 1491 521 1575 pecuniam
558 1512 617 1574 pro
654 1490 758 1554 tribus
791 1490 945 1577 adferret,
981 1497 1014 1557 et
1046 1494 1109 1558 nisi

97 1580 244 1663 redisset,
266 1585 302 1644 ut
321 1581 384 1644 dno
402 1601 462 1663 pro
482 1601 520 1644 eo
540 1600 666 1664 quoque
685 1581 854 1662 pecuniam
872 1579 996 1666 darent,
1016 1581 1109 1666 isque

97 1669 214 1733 reverti
246 1667 405 1733 noluisset
436 1671 470 1732 et
500 1669 541 1733 ob
574 1668 658 1733 hanc
688 1688 817 1732 oausam
845 1668 895 1732 illi
922 1691 981 1753 pro
1009 1671 1109 1736 tertio

98 1778 224 1842 quoque
243 1758 412 1839 pecuniam
431 1757 616 1822 solvissent:
636 1755 766 1821 Servius
784 1757 952 1841 respondit
970 1781 1110 1844 aequum

101 1868 170 1911 esse
193 1849 376 1930 praetorem
399 1847 433 1910 in
457 1867 529 1910 eum
551 1845 682 1910 reddere
706 1844 867 1910 iudicium.

476 2012 523 2070 Dc
546 2012 729 2071 commodato.

186 2121 259 2188 132.
292 2119 331 2185 D.
356 2122 411 2204 13,
431 2121 464 2205 6,
483 2120 517 2204 5,
538 2122 565 2186 7.
616 2119 776 2204 Ulpianus
813 2120 896 2186 libro
929 2121 1108 2190 vicensimo

100 2213 213 2274 octavo
239 2209 279 2274 ad
303 2210 440 2274 edictum
464 2207 513 2293 (P.
534 2205 623 2296 802).
664 2210 692 2272 si
716 2230 842 2273 servum
865 2210 926 2273 tibi
949 2213 1108 2277 tectorem

100 2298 345 2363 commodavero
366 2303 398 2361 et
413 2299 451 2362 de
466 2298 616 2365 maehina
630 2297 790 2376 ceciderit,
805 2298 984 2382 periculum
999 2322 1108 2366 meum

98 2408 166 2451 esse
191 2384 337 2450 Namusa
360 2387 415 2452 ait.

187 2489 284 2548 Seruii
311 2507 488 2563 responsum
509 2489 675 2549 Namusam
702 2489 841 2549 retulisse
866 2490 1028 2550 verisimile
1054 2497 1110 2552 est.

189 2599 261 2665 133.
283 2597 323 2662 D.
339 2599 390 2681 19,
400 2599 430 2681 5,
440 2599 492 2664 23.
520 2597 673 2664 Alfenum
687 2601 770 2665 libro
784 2600 881 2665 tertio
896 2597 1110 2685 Digestorum

100 2685 233 2751 aPaulo
253 2687 502 2768 epitomatorum
521 2685 570 2774 (P.
584 2689 650 2773 56).
683 2688 764 2753 Duo.
775 2687 949 2753 secundum
964 2687 1109 2754 Tiberim

99 2797 171 2839 oum
191 2777 403 2860 ambularent,
422 2777 503 2840 alter
523 2799 633 2842 eorum
652 2777 690 2860 ei,
711 2778 767 2861 qui
786 2799 895 2842 seeum
908 2778 1110 2862 ambulabat,

99 2868 232 2948 rogatus
267 2864 398 2928 anulum
431 2866 585 2950 ostendit,
617 2870 654 2929 ut
685 2866 871 2950 respiceret:
907 2866 957 2930 illi
989 2867 1109 2933 excidit

100 2955 214 3017 anulus
244 2956 275 3016 et
297 2952 332 3016 in
354 2953 496 3017 Tiberim
522 2954 690 3019 devolutus
717 2958 776 3018 est.
821 2955 990 3038 respondit
1011 2978 1109 3040 posse

99 3045 152 3127 agi
176 3064 247 3107 cum
274 3063 311 3106 eo
335 3041 369 3105 in
392 3043 513 3107 factum
538 3043 671 3108 actione.

437 3218 485 3275 Dc
507 3218 617 3276 delictis
634 3218 769 3290 privatis.

529 3323 572 3378 Dc
589 3324 682 3390 sartis.

191 3426 261 3490 134.
291 3423 329 3489 D.
349 3424 400 3504 47,
419 3426 449 3507 2,
468 3424 520 3489 58.
553 3423 687 3488 Alfenus
711 3424 794 3488 libro
819 3427 933 3508 quarto
958 3424 1108 3510 Digesto·

92 3534 167 3574 rum
186 3535 206 3575 a
219 3513 325 3578 Panlo
345 3513 595 3598 epitomatorum
610 3511 659 3599 (P.
670 3509 737 3599 bl)
766 3511 800 3577 si
817 3519 923 3578 cretae
937 3513 1108 3580 fodiundae
