2422 3840
272 177 297 227 7.
322 169 354 237 Q.
373 168 508 226 IIUCIUS
527 170 557 225 P.
572 170 602 225 F.
617 170 647 224 P.
662 169 696 226 N.
712 170 901 226 SCAEVOLA
1049 171 1092 235 85

76 337 175 398 Servii
207 337 329 398 demum
356 339 536 399 auctoritate
563 339 645 418 patri
673 340 709 398 de
737 340 806 399 dote
835 339 986 399 reddenda
1013 341 1091 400 aetio

76 427 150 487 data
171 427 302 487 videtur.
344 426 487 505 Ozyblara
506 429 683 488 Dotalreoht
700 449 729 505 p.
743 430 796 488 48.
836 429 939 507 itaque
959 447 1091 506 eaquae

77 515 109 587 Q.
128 516 249 576 Mucius
268 517 304 576 de
321 517 366 576 rei
384 517 506 576 uxoriae
525 517 651 577 arbItrio
670 517 779 593 doouIt,
799 516 896 577 Servii
915 518 951 576 de
970 517 1091 578 dotibus

75 605 160 665 libro.
183 605 360 665 oblitterata
387 609 465 665 sunt.
513 625 589 682 quae
616 624 688 669 vero
717 605 838 665 Servius
866 607 922 665 hoc
949 606 1027 666 libro
1056 607 1092 665 de

77 694 270 771 sponsalibus
289 696 320 754 et
338 694 374 754 de
393 694 475 755 dotis
494 694 621 755 dictione
636 713 704 754 cum
719 694 908 769 sponsalibus
923 695 1090 754 coniunctis

76 785 172 860 dequo
201 783 248 842 rei
273 783 397 843 uxoriae
423 782 613 842 cautionibus
635 782 763 842 tradidit
786 776 877 865 (Gall.
898 785 929 860 4,
949 786 978 859 4,
998 785 1027 861 3,
1047 778 1093 864 2),

75 872 206 933 fortasse
229 872 291 931 iam
308 872 425 932 Mucius
448 871 595 950 exposuit,
618 872 670 949 qui
689 872 780 931 etiam
799 872 893 948 patris
913 890 1090 949 responsum

77 960 154 1020 illud
177 961 211 1019 in
233 961 327 1021 libros
350 977 421 1021 suos
442 961 590 1037 recepisse
612 959 764 1037 putandus
788 963 842 1020 est.

473 1155 581 1215 Liber
603 1154 699 1215 VIII?

500 1263 547 1322 De
567 1264 668 1322 tutelis.

166 1376 212 1436 De
234 1377 349 1454 tutelis,
372 1378 408 1436 de
431 1377 540 1453 quibus
564 1377 746 1454 Pomponius
769 1377 845 1438 libro
870 1381 953 1438 sexto
977 1377 1092 1438 decimo

76 1465 199 1525 ridetur
221 1466 374 1541 scripsisse
397 1457 444 1547 (P.
465 1468 539 1541 272,
559 1461 646 1545 273),
670 1466 762 1526 etiam
777 1466 916 1527 'Mucium
939 1466 1094 1542 scripsisse

78 1559 205 1614 constat
247 1573 323 1632 quae
342 1554 422 1630 apud
441 1553 551 1614 Gaium
568 1555 593 1632 I,
613 1556 676 1614 144
691 1573 754 1632 sqq.
773 1556 829 1615 bac
850 1557 885 1614 de
904 1556 1093 1634 relegimus,

76 1642 240 1720 repetenda
267 1642 348 1704 duxi.
398 1636 591 1702 ‘Permissum
618 1646 665 1703 est
770 1645 959 1720 parentibus,
990 1644 1093 1704 liberis

78 1750 151 1807 quos
183 1733 215 1790 in
242 1734 392 1806 potestate
420 1751 476 1791 sua
501 1731 629 1809 habent,
660 1734 841 1793 testamento
868 1737 984 1793 tutores
1013 1733 1093 1810 dare,

76 1820 236 1880 masculini
278 1820 398 1897 quidem
438 1838 526 1880 sexus
566 1819 776 1896 inpuberibus,
818 1821 955 1880 feminini
991 1826 1094 1881 autem

77 1927 163 1969 serus
206 1908 418 1986 cuiuscumque
459 1908 568 1968 aetatis
606 1909 666 1967 sint
702 1914 733 1967 et
768 1913 835 1968 tum
872 1928 989 1987 quoque
1026 1930 1094 1968 cum

76 2002 190 2074 nuptae
218 1991 302 2057 sint'.
353 1999 416 2057 145
445 1990 611 2074 ‘loquimur
638 1999 740 2056 autem
767 1999 898 2073 exceptis
925 1997 1093 2075 virginibus

78 2079 265 2147 Vestalibus'
284 2132 308 2146 ..
332 2087 392 2146 155
413 2080 541 2156 ‘Quibus
563 2089 745 2145 testamento
764 2085 884 2162 quidem
902 2089 988 2144 tutor
1006 2085 1094 2144 datus

78 2195 137 2235 uon
166 2175 222 2252 sit,
249 2174 287 2234 iis
314 2193 351 2234 ex
377 2175 444 2252 lege
467 2175 526 2234 XII
548 2176 722 2234 tabularum
746 2175 851 2253 agnati
874 2178 945 2233 sunt
967 2176 1093 2248 tutores,

79 2265 129 2341 qui
156 2266 306 2324 vocantur
332 2256 481 2342 legitimi'.
529 2265 590 2324 157
620 2256 664 2322 ‘et
692 2265 763 2322 olim
786 2263 918 2339 quidem,
947 2266 1093 2339 quantum

79 2353 116 2412 ad
144 2354 245 2430 Iegem
267 2351 327 2411 XII
349 2353 524 2411 tabularum
551 2353 673 2426 attinet,
701 2352 794 2411 etiam
816 2352 944 2411 feminae
968 2356 1094 2427 agnatos

79 2441 232 2501 hebebant
258 2434 396 2500 tutores'.
448 2442 510 2500 165
539 2434 587 2499 ‘ex
615 2441 719 2500 eadem
745 2443 813 2519 lege
835 2440 895 2500 XII
921 2441 1093 2499 tabularum

78 2529 258 2589 libertorum
290 2530 322 2588 11
352 2529 532 2605 impuberum
563 2531 662 2589 tutela
691 2529 729 2588 ad
755 2533 898 2606 patronos
925 2530 1094 2604 liberosque

79 2637 183 2679 eorum
210 2611 361 2694 pertinet'.
410 2619 472 2677 184
498 2612 589 2676 ‘Olim
616 2636 685 2677 cum
711 2618 788 2696 legis
816 2619 948 2678 actiones
975 2619 1008 2676 in
1033 2636 1092 2676 usu

78 2711 174 2784 erant,
198 2707 291 2766 etiam
313 2725 348 2766 er
371 2706 426 2765 illa
443 2724 536 2766 causa
553 2710 638 2766 tutor
656 2707 792 2784 dabatur,
816 2707 841 2766 si
859 2707 939 2765 inter
956 2710 1094 2767 tutorem

78 2799 109 2856 et
139 2795 298 2854 mulierem
329 2795 517 2870 pupillumve
548 2795 615 2872 lege
643 2796 792 2873 egendum
819 2788 905 2856 erat'.
957 2798 1019 2856 185
1046 2790 1086 2854 ‘si

80 2886 128 2944 cui
155 2884 260 2943 nullus
289 2884 409 2943 omnino
437 2887 522 2944 tutor
544 2885 597 2960 sit,
625 2883 653 2942 ei
676 2885 820 2943 daturin
842 2883 916 2943 urbe
939 2884 1035 2944 Roma
1058 2902 1094 2942 ex

77 2975 146 3050 lege
164 2971 263 3032 Atilia
285 2991 304 3032 a
326 2975 465 3048 praetore
484 2973 599 3033 urbano
618 2976 649 3032 et
667 2972 779 3031 maiore
797 2975 884 3047 parte
902 2972 1094 3032 tribunorum

78 3062 189 3139 plebia,
219 3061 271 3136 qui
297 3061 452 3120 Atilianus
479 3064 563 3121 tutor
589 3055 732 3122 vocatur'.
785 3063 846 3121 187
877 3055 926 3119 ‘ab
954 3061 1093 3120 hostibus

78 3169 202 3228 quoque
224 3152 325 3209 tutore
349 3153 438 3224 capto
462 3169 499 3209 ex
521 3151 568 3210 bis
590 3150 708 3227 legibus
730 3153 815 3208 tutor
837 3151 899 3224 peti
923 3143 1030 3207 debet’.

169 3261 199 3326 1.
224 3257 292 3324 Gai.
309 3261 426 3343 1,188.
443 3294 481 3306 -
500 3281 539 3323 ex
557 3259 608 3323 his
627 3262 771 3342 apparet,
789 3261 868 3342 quot
887 3258 953 3322 sint
968 3259 1091 3340 species

77 3349 264 3414 tutelarum.
315 3348 342 3412 si
370 3369 445 3413 vero
475 3369 681 3432 quaeramus,
715 3347 749 3410 in
778 3350 857 3430 quot
884 3366 1003 3430 genera
1030 3347 1092 3412 hae

80 3438 202 3523 species
224 3434 423 3520 diducuntur,
445 3438 544 3521 longa
563 3437 625 3500 erit
642 3437 829 3520 disputatio,
847 3457 922 3499 nam
941 3435 980 3499 de
1000 3457 1038 3500 11
1057 3458 1093 3501 11

78 3526 173 3593 raldo
200 3528 325 3590 veteres
353 3525 580 3591 dubitaverunt
696 3525 761 3594 hoo
787 3524 955 3612 tantisper
984 3524 1118 3588 11111111
