2422 3840
433 185 458 234 2.
482 177 598 233 AULUS
618 178 757 235 OPILIUS
1033 181 1098 245 339

183 346 231 408 11.
257 342 295 407 D.
309 341 386 406 ibid.
401 343 420 421 ξ
433 342 462 405 4.
498 339 543 405 ‘Si
564 339 694 406 Stichus
713 342 823 407 Attiae
843 344 932 406 mille
951 366 1100 410 nummos

94 435 226 514 dederit,
249 434 330 495 liber
354 429 443 495 esto?
485 429 1012 497 11111111101111110111110111111
1035 457 1101 498 non

93 546 189 608 posse
205 521 350 586 Stichum
369 519 506 583 liberum
525 540 594 583 esse
609 519 717 584 Labeo
732 519 846 584 Ofilius
860 522 1102 605 responderunt.

514 702 560 760 De
580 703 681 761 inteiia

183 816 234 879 18.
258 814 297 878 D.
317 813 370 896 26,
389 813 418 892 8,
437 813 466 876 4.
499 811 697 894 Pomponius
715 812 799 876 libro
819 813 957 896 septimo
977 814 1100 880 decimo

93 906 132 968 ad
153 902 308 969 Sabinum
328 900 378 986 (P.
393 898 481 985 648).
515 950 566 965 ...
586 900 679 966 Ofilio
703 901 862 984 placebat,
886 903 913 966 si
937 924 974 967 eo
993 906 1100 969 tutore

93 999 232 1076 auctore,
256 993 309 1077 qui
329 991 467 1054 tutelam
485 1011 550 1054 non
570 993 670 1074 gerat,
690 1012 795 1054 emam
815 1013 833 1054 a
851 991 976 1075 pupillo
997 993 1100 1057 sciens

89 1085 191 1147 alium
219 1081 287 1145 eius
315 1080 450 1143 tutelam
479 1099 603 1162 gerere,
637 1079 801 1144 dominum
834 1102 885 1143 me
912 1101 978 1145 non
1004 1103 1100 1165 posse

91 1172 175 1253 fieri,
204 1170 284 1234 item
313 1169 340 1232 si
368 1189 406 1232 eo
435 1171 564 1232 auctore
592 1190 710 1252 emam,
741 1168 796 1251 qui
826 1191 844 1232 a
873 1169 975 1232 tutela
1005 1170 1102 1234 fuerit

94 1264 251 1341 remotus3
274 1280 332 1322 nec
357 1257 441 1320 enim
465 1257 497 1320 id
521 1261 627 1321 ratum
651 1255 773 1322 haberi.
893 1281 896 1288 ’

399 1441 445 1498 De
467 1441 605 1498 bennum
627 1442 794 1498 venditione.

184 1552 233 1616 19.
260 1551 299 1615 D.
327 1551 513 1632 17,1,22,
538 1551 587 1615 10
638 1549 757 1614 Paulus
791 1551 923 1615 librot
909 1552 1099 1636 rtigensimo

93 1641 231 1705 secundo
265 1641 305 1703 ad
338 1640 475 1703 edicam
508 1634 556 1724 (P
577 1636 667 1724 481).
718 1636 753 1702 Si
784 1645 911 1703 curaer
940 1641 1100 1705 bonorum

92 1729 309 1793 venditionem
329 1728 457 1811 quidem
476 1726 589 1790 fecerit
589 1776 597 1809 ,
575 1727 785 1811 tpecuniam
806 1731 914 1792 autem
932 1730 1034 1793 credit
1020 1731 1100 1794 tori-

93 1820 153 1882 bus
172 1840 238 1881 non
257 1816 398 1899 solverit,
416 1815 587 1879 Trebatius
607 1816 719 1880 Ofilius
738 1815 845 1880 Labeo
866 1818 1100 1902 responderunt

93 1907 144 1968 his
178 1907 232 1989 qui
266 1907 451 1989 praesentes
479 1904 611 1968 fuerunt
637 1907 817 1987 competere
849 1905 1000 1970 adversus
1027 1928 1100 1970 eum

93 1994 236 2057 mandati
270 1994 442 2075 actionem,
479 1993 529 2056 his
563 1996 670 2057 autem
704 1994 759 2076 qui
791 1994 939 2058 absentes
972 1994 1102 2058 fuerrmt

92 2083 296 2166 negotiorum
320 2085 484 2167 gestorum
508 2081 668 2145 actionem
691 2103 769 2146 esse.

501 2265 548 2322 De
569 2266 695 2338 receptis.

182 2376 233 2440 20.
261 2374 300 2440 D.
320 2375 354 2459 4,
373 2375 406 2457 8,
425 2375 465 2438 21
473 2424 481 2454 ,
503 2375 529 2437 1.
566 2373 726 2458 Ulpianus
750 2375 832 2439 libro
857 2375 953 2439 tertio
979 2375 1100 2441 decimo

93 2465 132 2528 ad
166 2465 251 2528 edict
252 2487 306 2528 nm
340 2460 387 2549 (P.
409 2459 514 2548 457b).
569 2461 602 2528 Si
633 2463 718 2527 arbit
705 2468 809 2527 tter
783 2464 830 2527 ita
858 2464 1102 2566 pronuntiasset

92 2554 175 2616 nihil
203 2553 305 2617 videri
333 2553 396 2616 Tit'
373 2557 455 2616 trum
483 2553 598 2617 debera
626 2550 754 2636 Sei0,t
740 2556 841 2617 tamet
844 2555 871 2616 si
828 2550 1008 2617 tSeium
1035 2575 1101 2617 non

94 2642 251 2706 vetuisset
274 2645 392 2726 petere,
413 2645 521 2726 tamen
547 2641 573 2703 si
598 2641 673 2725 quid
697 2647 752 2724 pet
753 2642 842 2724 isset,
819 2641 967 2706 tuideri
989 2646 1063 2705 cont
1064 2644 1101 2705 r'a

95 2731 288 2795 sententiam
316 2730 427 2794 arbit
386 2735 428 2793 trr
455 2729 584 2812 fecisse,
612 2734 643 2792 et
630 2729 697 2792 tid
726 2729 842 2794 Ofilius
871 2735 904 2795 et
929 2730 1101 2794 Trebatius

92 2809 335 2903 responderunt.

279 2985 358 3042 De
347 3001 379 3042 in
400 2985 543 3056 intectum
564 2985 740 3065 restitutione
761 2986 914 3042 minoren.

183 3095 234 3158 21.
266 3093 306 3157 D.
326 3093 357 3170 4,
377 3094 412 3173 4,
432 3093 486 3175 16,
507 3093 536 3156 1.
578 3090 737 3175 Ulpianus
760 3092 844 3157 libro
868 3092 1036 3157 undecimo
1061 3092 1101 3155 ad

93 3183 233 3247 edictum
253 3179 302 3268 (P.
316 3182 405 3266 406).
508 3180 647 3246 relatum
671 3185 721 3245 est
744 3182 827 3265 apud
851 3181 1049 3264 Labeonem,
1074 3179 1102 3243 si

93 3273 200 3336 minor
223 3271 485 3354 circumscriptus
509 3271 695 3334 societatem
719 3271 831 3334 coierit
853 3270 905 3334 vel
929 3271 1026 3333 etiam
1049 3269 1101 3332 do·

93 3361 236 3425 nationis
252 3381 359 3442 causa,
375 3361 498 3424 nullam
513 3379 582 3422 esse
597 3359 785 3423 societatem
799 3381 858 3423 nec
868 3360 953 3422 inter
963 3358 1100 3441 maiores

94 3450 225 3533 quidem
241 3453 273 3512 et
286 3447 358 3513 ideo
375 3469 499 3513 cessare
516 3451 624 3531 partes
638 3449 805 3532 praetoris.
838 3448 923 3513 idem
938 3452 972 3513 et
986 3447 1101 3513 Ofilius

93 3537 268 3622 respondit.

859 3637 921 3690 aa*
