2422 3840
142 145 195 220 “68
232 156 279 211 IV.
301 154 448 209 SEPTIMI
463 153 561 209 SAEO.
575 153 672 208 IURIS
687 151 860 210 CONSULT.
876 151 1001 209 sames
1017 153 1161 209 ALTERA

240 324 364 382 Pernice
386 323 487 382 Labeo
505 323 520 381 I
542 343 570 398 p,
586 325 648 383 462
674 339 742 380 cum
765 321 832 380 aliie
846 321 929 381 ''riris
952 321 1048 381 doctis
1071 322 1160 383 Mucii

47 413 50 419 ’
152 431 328 489 responsum
351 431 439 489 aegre
463 411 624 484 desiderat,
649 410 701 469 sed
723 410 814 469 Mucii
836 427 1012 486 responsum
1035 429 1070 469 re
1094 430 1158 471 vera

151 503 282 561 relatum
304 519 369 560 esse
392 519 451 559 vox
474 495 581 559 ‘eius’
606 493 793 580 (verebatur
815 516 852 557 ne
875 498 932 558 hae
955 500 1079 559 arbores
1099 501 1158 561 eius

152 610 211 651 non
233 591 409 649 viderentur
430 581 554 670 factae')
577 593 754 662 argumento
774 589 827 646 est.
868 606 928 647 non
948 588 1027 646 enim
1046 592 1159 665 emptor

152 680 204 756 qui
232 679 264 749 Q.
287 678 421 737 Mucium
447 677 635 753 consulebat,
666 676 718 735 sed
745 675 862 736 Mucius
889 676 954 751 ipse
982 671 1158 753 ‘verebatuu

151 787 189 827 ne
221 769 277 826 hae
310 767 431 827 arbores
463 765 607 842 emptoris
638 784 698 824 non
726 765 900 824 viderentur
929 760 1050 844 factae',
1084 766 1158 844 quod

151 876 328 933 responsum
351 854 533 930 Pomponius
555 854 757 930 praeceptoris
780 872 861 912 more
885 854 1031 930 exposuit.
1078 855 1157 916 Pom·

152 947 274 1023 ponium
303 945 348 1003 ita
374 944 440 1002 fere·
465 943 620 1018 scripsisse
648 947 786 1018 apparet:
815 935 977 1001 ‘Dominus
1002 943 1090 1003 fundi

152 1036 283 1094 nolebat.
329 1033 446 1107 emptor
475 1033 639 1108 quaerebat
667 1030 741 1107 quid
768 1048 798 1090 se
826 1031 924 1090 facere
953 1034 1107 1107 oporteret
1132 1035 1158 1092 et

152 1124 315 1186 verebatur
334 1120 458 1195 Quintus
475 1122 604 1198 Mucius,
627 1138 664 1178 ne
687 1121 744 1178 hae
767 1119 888 1178 arbores
912 1120 977 1179 eius
999 1139 1062 1180 non
1084 1121 1158 1182 vide·

153 1215 260 1271 rentur
289 1211 393 1269 factae.
439 1209 579 1268 arborum
609 1210 698 1285 enim,
727 1227 803 1285 quae
831 1208 863 1266 in
890 1209 983 1269 fundo
1012 1211 1159 1270 continen-

154 1293 216 1361 tur'
245 1302 276 1358 et
299 1319 325 1375 q.
351 1317 373 1356 s.
420 1297 634 1372 Tribonianus,
663 1298 715 1374 qui
738 1296 884 1366 Quintum
906 1297 1042 1357 Mucium
1068 1299 1161 1375 ipsum

153 1389 327 1466 loquentem
345 1386 535 1445 introducere
554 1387 611 1446 sibi
627 1389 832 1462 proposuerat,
852 1388 966 1462 etpost
981 1379 1159 1448 ‘verebatur'

155 1476 259 1546 Quinti
285 1475 378 1534 Mucii
408 1493 517 1534 nomen
549 1474 661 1534 delevit
688 1478 718 1534 et
745 1477 815 1550 post
842 1469 1030 1535 ‘viderentur
1056 1470 1161 1537 factac'

154 1565 311 1642 Pomponii
338 1582 446 1622 nomen
470 1563 610 1636 inseruit,
639 1563 804 1622 orationem
827 1565 978 1640 corrumpi
1001 1565 1162 1645 negligens.
1201 1620 1203 1635 ,

244 1653 385 1730 Vestigia
411 1654 538 1711 terrent:
566 1670 643 1728 quae
672 1651 871 1711 Tribonianus
896 1653 1029 1714 Mucium
1058 1654 1163 1714 dixisse

153 1742 275 1818 asserit,
311 1742 374 1818 ipse
410 1741 522 1817 partim
558 1760 595 1799 ex
626 1740 782 1816 Pomponii
815 1741 1013 1801 relationibus
1045 1743 1163 1804 incaute

152 1830 338 1907 composuit,
365 1831 476 1906 partim
499 1830 642 1889 audacter
664 1829 757 1888 finxit.
804 1830 884 1906 quod
907 1830 1001 1889 Lenel
1025 1830 1165 1892 Sabinus·

156 1923 270 1997 system
287 1940 322 1996 p:
333 1922 372 1979 13
393 1913 453 1978 ‘ein
472 1917 683 1996 Originalcitat
701 1936 755 1977 aus
770 1917 803 1987 Q.
818 1912 945 1977 Mucius'
961 1918 1044 1996 dicit,
1063 1939 1166 1981 vereor

154 2013 191 2068 ut
213 2010 312 2068 ullum
335 2009 454 2067 omnino
477 2008 638 2067 Iustiniani
660 2006 787 2084 Digesta
809 2007 990 2066 contineant.

244 2099 351 2174 Itaque
368 2096 465 2156 Mucii
482 2098 582 2156 uerba
604 2097 723 2172 integra
745 2097 777 2153 in
800 2095 933 2173 Digestis
956 2115 1023 2156 raro
1047 2089 1184 2158 rancum'

156 2192 277 2247 servata
299 2188 383 2245 sunt:
411 2186 442 2243 in
466 2185 502 2242 iis
526 2203 604 2261 quae
627 2184 683 2243 sub
706 2183 797 2243 Mucii
820 2184 939 2244 nomine
961 2185 1169 2264 proferuntur,

156 2276 330 2335 Tribouiani
342 2291 449 2332 manus
458 2291 671 2348 nonuunquam
682 2277 763 2333 certo
773 2275 954 2350 agnoscitur.
979 2274 1169 2335 luculentum

156 2364 326 2439 exemplum
347 2362 471 2437 praebet
494 2360 528 2418 D.
549 2363 679 2438 33,1‚7
703 2360 885 2437 Pomponius
905 2362 982 2422 libro
1002 2363 1168 2426 octavo'ad

152 2452 190 2520 Q.
209 2451 351 2510 Mucium.
389 2444 528 2519 ‘Quintus
548 2450 664 2509 Mucius
684 2450 741 2509 ait:
765 2449 875 2526 siquis
958 2450 984 2509 si
1001 2455 1122 2512 tutores
1142 2498 1166 2512 ..

154 2560 193 2599 ex
216 2540 395 2600 testamento
419 2557 507 2616 agera
531 2539 639 2615 possit:
667 2557 746 2597 nam
774 2558 813 2598 ea
840 2557 896 2598 res
925 2557 964 2598 eo
990 2541 1170 2619 pertinet,

157 2629 214 2687 uti
240 2630 382 2686 tutores
411 2626 528 2686 sciant
554 2647 644 2704 quac
670 2627 840 2688 voluntas
863 2629 1059 2688 testatoris
1084 2630 1171 2707 fuit,

157 2717 214 2776 uti
250 2716 392 2792 possint
427 2735 501 2775 eam
537 2717 725 2793 pecuniam
763 2717 838 2775 sine
875 2716 1040 2791 periculo
1074 2719 1170 2779 dare.

158 2805 353 2881 Pomponius:
372 2804 404 2862 iu
422 2807 609 2864 testamentis
628 2803 776 2881 quaedam
795 2804 967 2864 scribuntur
985 2799 1045 2865 ...²
1077 2808 1171 2867 verba

158 2895 254 2953 literis
274 2893 402 2953 diductis
421 2895 567 2969 impressa
585 2914 644 2953 non
663 2894 757 2968 ipsius
772 2893 863 2952 Mucii
883 2893 935 2953 sed
954 2913 971 2952 a
987 2895 1170 2956 Triboniano

158 2983 229 3042 ficta
261 3001 324 3042 esse
356 2983 549 3041 manifestum
581 2986 635 3041 est.
691 2984 726 3041 cf.
754 2981 876 3040 Pernice
905 2981 1006 3041 Labeo
1035 2983 1096 3061 III,
1121 2987 1173 3045 39.

158 3070 488 3130 Mllhloubruch-Glbck
507 3071 619 3144 XLIII,
639 3072 717 3146 432,
738 3073 787 3129 21.

248 3248 281 3318 Q.
299 3249 416 3308 Mucius
439 3249 514 3307 iuris
537 3249 632 3308 civilis
656 3248 741 3307 libris
765 3267 824 3307 non
848 3249 945 3307 solum
967 3267 1078 3309 novam
1097 3250 1172 3309 iuris

159 3339 347 3414 disciplinam
380 3337 530 3413 fundavit,
563 3337 614 3397 sed
648 3337 739 3397 etiam
767 3337 878 3396 civium
907 3336 1005 3397 officia
1032 3338 1065 3397 in
1091 3339 1172 3399 ritae

159 3428 302 3485 societate
326 3427 441 3484 maiora
464 3427 580 3500 statuit,
606 3445 697 3503 quam
720 3425 818 3485 adhuc
841 3426 873 3484 in
895 3445 955 3484 usu
977 3432 1073 3487 erant.
1121 3427 1173 3505 qui

158 3516 310 3592 monebat,
334 3515 435 3592 magni
457 3515 564 3573 iudicis
586 3533 660 3592 esse,
683 3515 713 3573 in
733 3514 847 3589 tutelis,
871 3515 1075 3590 societatibus,
1098 3516 1173 3575 fidu·
