2422 3840
105 174 171 238 236
208 174 255 231 VI.
281 172 415 229 OOTAVI
434 173 532 230 SAEO.
551 173 648 229 IURIS
669 171 842 229 consulu.
857 171 983 228 SERIES
1002 171 1123 226 PRIMA

105 337 246 422 pecoris,
279 342 311 402 st
343 338 372 402 si
403 338 547 402 nondum
579 338 694 402 messis
722 335 923 401 vindemiave
951 335 1040 401 faeta
1070 337 1124 419 sit,

105 431 139 490 et
167 426 193 490 si
222 425 321 490 fuerit
348 427 582 511 controversia,
610 429 767 512 quantum
795 425 937 490 deminui
961 429 1125 511 oporteat,

105 514 262 579 arbitrum
287 515 434 579 dandum.

262 671 382 742 [XLII.
407 673 568 727 Interdictu.
601 677 625 726 6.
644 672 688 726 uti
705 688 781 726 nune
793 671 963 742 possidetis]

195 782 246 846 13.
279 779 317 845 D.
336 782 390 859 43,
412 783 461 862 11,
481 783 512 865 3,
534 781 583 845 11.
625 780 783 865 Ulpianus
808 780 891 845 libro
917 780 1123 866 sexagesimo

104 890 191 933 nono
225 869 265 933 ad
298 870 438 934 edietum
468 867 516 954 (P.
543 866 653 956 1542).
776 867 879 933 Servii
902 917 932 934 ..
957 869 1122 933 sententia

105 965 155 1022 ost
170 958 385 1022 existimantis
401 960 487 1023 tanti
500 960 740 1042 possessionem
755 958 990 1023 aestimandam
1006 960 1121 1042 quanti

104 1068 155 1110 res
179 1047 253 1129 ipsa.
276 1051 334 1111 est.

281 1202 372 1274 [Ibid.
390 1207 433 1258 10.
453 1205 485 1258 de
503 1220 577 1273 aqua
599 1204 752 1259 cottidiana
769 1208 795 1258 et
814 1203 939 1274 aestiua]

195 1310 245 1376 15.
268 1309 306 1376 D.
317 1313 370 1392 43,
385 1313 468 1393 21,3
482 1334 529 1395 pr.
557 1311 718 1396 Ulpianus
742 1312 827 1377 libro
851 1314 1121 1398 septuagensimo

104 1400 144 1464 ad
168 1400 308 1464 edietum
331 1398 382 1487 (P.
406 1399 538 1486 15831).
584 1400 714 1466 Servius
739 1450 769 1466 ..
792 1402 905 1466 scribit
928 1402 1025 1466 aliter
1048 1403 1120 1467 duci

105 1510 237 1572 aquam,
266 1510 348 1572 quae
373 1496 448 1554 ants
470 1512 528 1573 per
552 1512 664 1573 specus
689 1490 785 1555 dueta
807 1493 871 1573 est,
901 1490 930 1554 si
952 1511 1040 1556 nuno
1062 1513 1120 1574 per

104 1580 253 1659 apertum
282 1577 431 1642 dueatur:
463 1601 539 1642 nam
568 1580 596 1643 si
625 1579 730 1662 operis
758 1578 880 1662 aliquid
908 1579 1009 1643 faeiat
1038 1581 1120 1664 quis,

104 1687 168 1748 quo
187 1665 293 1747 magis
314 1688 431 1750 aquam
450 1671 619 1732 conservet
637 1669 688 1732 vel
707 1669 880 1752 contineat,
901 1690 968 1732 non
985 1668 1120 1752 impune

126 1753 277 1818 rohiberi.

102 1776 123 1837 p
195 1843 243 1908 16.
268 1841 508 1928 1).43,21,3,1.
542 1843 699 1930 Ulpianus
718 1845 795 1910 ibid.
814 1844 864 1930 (P.
881 1843 1012 1932 158311).
1049 1844 1120 1910 Ser·

103 1931 175 1995 vius
195 1935 227 1995 et
240 1929 349 1997 Labeo
370 1933 524 2016 scribunt,
543 1934 571 1997 si
590 1933 706 2018 rivum,
724 1935 780 2018 qui
798 1934 839 1998 ab
858 1934 952 1999 initio
970 1939 1120 1999 terrenus

102 2019 177 2102 fuit,
211 2020 288 2104 quia
316 2044 431 2105 aquam
460 2045 526 2086 non
553 2022 755 2106 continebat,
788 2023 1013 2087 cementicium
1042 2025 1121 2089 velit

102 2108 223 2191 faeere,
255 2110 447 2174 audiendum
482 2132 566 2175 esse:
600 2111 654 2175 sed
688 2114 720 2174 et
752 2111 781 2175 si
811 2133 882 2175 eum
911 2111 1032 2196 rivum,
1064 2115 1121 2197 qui

104 2197 261 2262 structilis
284 2198 355 2282 fuit,
378 2202 492 2282 postea
515 2202 679 2264 terrenum
703 2200 802 2265 faeiat
826 2205 883 2264 aut
899 2204 1027 2284 partem
1047 2203 1122 2288 rivi,

105 2308 206 2370 aeque
229 2309 295 2352 non
320 2309 389 2351 esse
413 2287 658 2370 prohibendum.

286 2442 319 2514 [I
321 2444 376 2500 bid.
395 2447 438 2498 12.
463 2445 581 2512 quodni
600 2449 652 2498 aut
667 2445 737 2499 elam
754 2445 860 2511 factum
878 2445 937 2516 est]

192 2553 242 2617 11.
269 2550 310 2617 D.
328 2553 383 2629 43,
398 2553 449 2636 24,
463 2554 494 2617 4.
539 2551 715 2618 Venuleius
738 2553 824 2618 libro
848 2555 987 2620 seeundo
1011 2554 1119 2620 Inter-

101 2640 263 2704 dietorum
283 2637 332 2728 (P.
349 2638 414 2725 13).
452 2638 583 2706 Servius
607 2642 706 2706 etiam
729 2664 802 2707 eum
821 2644 904 2708 elam
924 2644 1039 2729 faeere,
1062 2647 1120 2729 qui

102 2728 289 2793 existimare
322 2729 437 2794 debeat
471 2730 533 2794 sibi
564 2732 819 2796 controversiam
848 2731 991 2797 futuram
997 2784 1006 2817 ‚
1040 2735 1119 2818 quia

100 2839 165 2882 non
195 2817 380 2900 opinionem
409 2819 528 2900 eui[us]
563 2822 596 2883 et
624 2820 810 2904 resupinam
840 2823 1118 2888 existimationem

97 2908 192 2988 prodi
216 2928 285 2972 esse
309 2910 468 2991 oporteat,
491 2930 531 2972 ne
552 2908 695 2973 melioris
719 2909 917 2974 condicionis
937 2911 1005 2975 sint
1023 2912 1119 2976 stulti

122 3018 199 3060 uam
246 2996 328 3061 eriti.

100 3018 121 3080 q
190 3019 243 3149 181
266 3084 525 3169 [1411114.
556 3085 717 3169 Ulpianus
741 3086 826 3151 libro
849 3089 1118 3171 septuagensimo

99 3175 204 3256 primo
234 3173 274 3238 ad
303 3174 442 3238 edietum
466 3172 515 3257 (P.
536 3172 647 3258 1594).
701 3173 815 3239 Gallus
844 3224 875 3243 ..
901 3176 1045 3260 dubitat,
1073 3201 1117 3242 an

99 3263 204 3348 excipi
218 3265 396 3346 oporteret:
412 3262 508 3346 ‘quod
523 3263 662 3328 incendii
678 3263 868 3328 defendendi
883 3266 1114 3331 eausafaotnm

97 3373 165 3416 non
183 3349 247 3416 sit'.
285 3349 414 3416 Servius
435 3355 544 3416 autem
563 3352 619 3433 ait,
643 3352 671 3416 si
690 3353 723 3416 id
739 3353 952 3437 magistratus
971 3355 1115 3438 fecisset,

99 3439 237 3503 dandam
262 3462 344 3524 esse,
367 3440 494 3524 privato
517 3462 583 3505 non
607 3461 677 3504 esse
700 3441 785 3504 idem
809 3443 1062 3527 eoncedendum3
1085 3446 1115 3508 si

91 3531 202 3590 tamen
228 3529 309 3612 qnid
333 3529 365 3596 vi
388 3533 445 3597 aut
470 3529 555 3597 olam
572 3529 699 3597 laetum
719 3529 764 3594 sit
784 3552 888 3614 neque
905 3532 992 3614 ignis
1010 3555 1115 3616 usque
