2422 3840
101 158 166 222 282
195 157 266 212 VIII.
282 155 414 212 OCTAVI
429 157 526 213 SAEO.
536 156 632 213 IURIS
647 156 820 213 CONSULT.
831 157 957 213 SDRIES
971 157 1108 214 TERTIA

101 327 173 386 LIII
200 326 235 385 D.
255 328 309 404 39,
331 328 363 400 2,
383 329 417 403 9,
437 328 455 384 2
479 326 511 385 P.
533 319 646 400 wilh,
678 325 755 385 libro
781 325 835 383 LX
858 326 1108 406 1).40,12,10

100 409 263 492 P.1296).

189 504 252 561 Iam
276 523 312 562 ea
334 504 493 579 proferam,
517 521 591 580 qnae
610 503 713 562 Alfeni
736 503 817 563 dicta
839 505 888 565 vel
910 505 1042 581 probata
1063 506 1110 564 661

100 593 270 669 improbata
297 610 360 651 csse
392 592 570 652 referuntur.
617 592 652 650 D.
673 595 728 670 39,
748 594 819 671 3,2
844 593 970 655 Paulus:
1000 587 1123 653 ‘Varus

101 684 144 741 ait
164 681 370 758 ...idemque
390 684 477 757 putat
566 680 665 741 Labeo
685 684 786 740 autem
806 676 869 742 ...'
901 682 937 742 D.
955 684 1008 760 32,
1025 684 1108 756 29,2

100 771 276 830 Javolenus:
305 764 394 828 ‘idem
416 768 543 827 Alfenus
566 768 665 829 Varus
694 768 798 831 Servio
821 771 970 847 placuisse
996 771 1109 846 scribit,

100 860 178 937 quod
198 863 228 917 et
246 877 351 916 verum
369 851 434 917 est'.
468 858 502 915 D.
515 860 566 934 31,
580 860 619 917 74
635 858 829 935 Papinianus:
848 853 920 918 ‘non
935 863 983 919 est
996 880 1111 933 verum,

99 948 179 1024 quod
197 947 322 1006 Alfenus
341 941 481 1006 rettulit'.
513 945 548 1005 D.
565 947 616 1021 33,
633 948 660 1022 7,
678 949 728 1023 12,
744 950 761 1006 2
781 947 943 1024 Ulpianus:
968 941 1110 1008 ‘Alfenus

99 1039 200 1095 autem
220 1080 270 1094 ...
290 1035 341 1112 ait,
365 1035 437 1112 quia
455 1081 461 1093 .
476 1078 505 1093 ..
525 1034 712 1110 opinabatur,
736 1037 813 1113 quod
837 1056 896 1097 non
915 1039 962 1096 est
981 1030 1109 1097 verum'.

187 1125 269 1184 Haec
287 1124 382 1200 pauca
396 1124 538 1182 Alfenum
557 1124 632 1183 iuris
651 1131 803 1184 auctorem
822 1143 882 1185 non
895 1125 991 1184 fuisse
1005 1130 1109 1201 aperte

100 1215 219 1273 docent:
253 1217 305 1272 aut
336 1212 414 1271 enim
440 1232 500 1271 non
528 1212 636 1288 ipsine,
669 1214 720 1272 sed
751 1213 845 1273 Servii
874 1216 1042 1274 sententias
1072 1215 1109 1273 ab

98 1303 207 1361 Alfeno
231 1303 341 1361 relatas
365 1301 493 1376 probant
515 1302 565 1360 661
586 1301 766 1379 improbant,
789 1306 844 1362 aut
865 1303 962 1378 ipsIus
987 1303 1110 1380 quidem

100 1391 277 1450 sententiam
301 1390 478 1465 improbant,
503 1389 555 1448 sed
573 1391 674 1466 talem,
698 1410 787 1467 quam
806 1410 841 1450 ex
858 1391 1109 1468 philosophorum

98 1484 216 1538 tantum
239 1479 405 1554 praeceptis
428 1478 548 1538 videtur
571 1479 715 1538 hausisse.
760 1479 878 1556 reliqua
899 1480 1017 1539 nullius
1036 1501 1106 1558 pon-

98 1568 176 1627 deris
200 1569 278 1627 sunt.

187 1653 325 1714 Ceterum
335 1655 437 1714 Alfeni
447 1655 620 1715 memoriam
630 1657 679 1716 661
688 1655 840 1715 Ammiani
848 1659 985 1733 tempore
997 1652 1067 1736 (30,
1073 1649 1109 1739 4)

98 1744 177 1819 apud
205 1744 363 1804 advocatos
392 1744 581 1821 aliquatenus
609 1749 758 1805 servatam
786 1763 933 1806 essenon
956 1749 1004 1806 est
1028 1747 1108 1824 quod

97 1833 246 1892 miremur.
287 1834 412 1893 6166166
434 1835 550 1908 66288.

481 2063 502 2122 Ι,
532 2064 722 2139 Responsa.

185 2189 229 2246 De
253 2189 349 2249 Servii
372 2187 531 2264 Alfenique
558 2188 708 2263 responsis
736 2187 936 2247 discernendis
960 2185 989 2247 6.’
1012 2207 1105 2265 supra

97 2298 125 2351 p.
136 2280 267 2354 160sqq.
291 2277 393 2335 Alfeni
408 2276 530 2335 clientes
545 2277 705 2335 maximam
719 2281 835 2352 partem
850 2296 885 2336 er
899 2275 1004 2335 infima
1018 2279 1105 2353 plebe

97 2367 145 2425 661
168 2365 292 2425 libertos
315 2366 408 2424 fuisse
432 2368 563 2440 apparet.
610 2365 812 2440 quaestiones,
841 2365 1012 2442 dequibus
1037 2385 1104 2426 con·

98 2454 195 2512 6661366
225 2457 282 2530 est,
310 2454 485 2530 plerumque
509 2454 546 2511 ad
570 2471 670 2514 servos
693 2456 725 2512 63
747 2454 786 2512 ad
809 2453 920 2513 delicta
942 2454 1105 2529 pertinent.

98 2542 232 2616 exempla
255 2547 324 2601 sunt
346 2541 534 2601 tabernarius
558 2542 664 2618 quiin
687 2542 793 2601 semita
810 2545 901 2602 noctu
919 2560 1014 2619 supra
1031 2543 1105 2619 lapi-

98 2630 166 2689 dem
188 2631 339 2689 lucernam
363 2634 512 2706 posuerat,
535 2649 624 2706 quam
642 2631 825 2706 praeteriens
845 2631 979 2705 sustulit,
1001 2631 1047 2691 ita
1070 2635 1104 2691 ut

96 2719 194 2776 maior
217 2718 280 2776 rixa
304 2722 370 2778 orta
393 2719 446 2796 613,
473 2721 504 2776 in
528 2738 587 2796 qua
611 2720 800 2778 tabernarius
824 2720 853 2778 ei
876 2719 927 2796 qui
950 2720 1103 2779 lucernam

98 2808 273 2882 sustulerat,
306 2808 422 2868 oculum
450 2807 553 2866 effodit
579 2799 630 2888 (D.
652 2811 683 2882 9,
705 2810 737 2886 2,
758 2803 815 2887 92)
844 2808 892 2868 661
919 2826 1025 2886 agaso,
1056 2810 1104 2868 cui

98 2914 164 2954 cum
190 2896 222 2953 in
250 2896 405 2954 tabernam
432 2916 542 2973 equum
566 2896 716 2970 educeret,
741 2898 822 2955 mula
845 2897 955 2955 calcem
978 2897 1104 2957 reiciens

97 3002 164 3043 crus
191 2985 284 3061 fregit
306 2980 356 3062 (D.
377 2988 409 3062 9,
430 2988 461 3058 1,
482 2977 516 3066 5)
544 2985 593 3043 661
619 3004 707 3061 puer,
738 2985 790 3060 qui
816 2985 931 3060 plostra
959 3004 1101 3046 converso

27 3113 30 3119 -
54 3069 59 3078 ’
98 3073 227 3132 obtritus
258 3075 304 3132 est
332 3067 382 3150 (D.
408 3076 441 3149 9,
460 3076 493 3151 2,
514 3076 568 3146 52,
590 3067 624 3152 2)
652 3074 701 3133 661
728 3075 892 3133 communis
921 3092 1026 3134 servus
1052 3075 1102 3152 qui
1131 3067 1133 3070 ’

97 3179 165 3220 cum
187 3163 267 3238 apud
292 3163 420 3221 alterum
444 3167 532 3239 esset,
556 3181 623 3220 crus
642 3162 734 3238 fregIt
752 3181 841 3237 opere
861 3155 911 3244 (D.
934 3165 983 3235 10,
1000 3165 1029 3238 3,
1045 3156 1100 3241 26)

96 3252 145 3309 661
172 3269 288 3328 servus,
317 3252 368 3328 qui
395 3270 463 3310 cum
490 3251 552 3326 pila
579 3251 747 3326 complures
774 3251 926 3326 luderent,
953 3251 1101 3327 impulsus

97 3336 203 3399 cecidit
225 3344 255 3399 63
278 3359 344 3398 crus
368 3341 459 3417 fregit
482 3331 531 3421 (D.
552 3341 585 3415 9,
605 3341 638 3415 2,
658 3341 713 3414 52,
732 3333 766 3418 4)
785 3341 834 3399 661
857 3358 960 3399 servus
985 3341 1101 3416 dispen-

97 3431 186 3501 sator,
211 3449 299 3505 quem
317 3428 454 3487 dominus
472 3428 656 3504 manumisit,
680 3429 732 3486 sed
750 3432 863 3504 postea,
881 3446 950 3488 cum
969 3430 1100 3488 rationes

90 3517 130 3574 ab
160 3535 194 3574 eo
221 3516 401 3595 accepisset,
435 3517 579 3595 comperit
605 3515 688 3592 apud
713 3517 864 3592 quandam
891 3517 1100 3577 mulierculam
