2422 3840
106 165 170 229 110
210 164 244 220 V.
267 162 825 219 saPa1MISnac.1URISconsata.
841 162 967 219 sanias
982 163 1127 219 TERTIA

104 333 202 408 coepit
228 351 365 392 nummos
392 333 534 410 petendo,
562 350 636 408 quos
662 335 700 391 ut
725 333 824 391 fronte
847 332 1051 392 inverecunda
1078 333 1126 392 ita

103 422 186 480 inani
209 421 403 499 stipulatione
426 425 608 498 captaverat.
654 421 690 480 de
716 439 776 496 qua
800 440 833 480 ra
855 419 888 482 C.
910 420 1067 498 Aquillius
1091 465 1122 482 ..

102 511 192 569 iudex
224 511 374 587 addictus,
406 511 549 570 adhibitis
581 510 614 568 in
645 509 803 569 eonsilium
827 510 1013 586 principibus
1047 512 1121 570 civi-

103 599 190 680 tatis,
212 599 373 675 prudentia
396 602 427 659 et
449 599 593 676 religione
617 617 672 658 sua
694 599 852 658 mulierem
875 592 1010 675 repulit'.

257 974 327 1057 ll.
365 979 599 1052 OCTAVIUS
627 916 958 1052 HERSENNIUSl
1082 985 1086 990 “

190 1124 381 1184 aMacrobio
410 1115 451 1203 (v.
474 1117 567 1202 infra)
590 1123 671 1182 inter
692 1121 859 1181 Varronem
887 1126 918 1182 et
945 1122 1114 1183 Antonium

101 1212 287 1290 Gniphonem
307 1204 358 1294 (de
380 1231 439 1289 quo
457 1211 732 1271 Teuffel-Schwabe
750 1208 770 1286 ξ
788 1213 859 1286 159,
875 1203 910 1292 5)
929 1213 1112 1272 nominatus.

279 1400 328 1458 De
352 1401 466 1458 sacris
490 1398 694 1458 Saliaribus
718 1397 934 1459 Tiburtium.

188 1509 329 1574 Macrob.
352 1514 412 1573 sat.
431 1510 462 1593 3,
478 1510 527 1590 12,
543 1511 571 1572 7.
585 1545 630 1554 -
643 1512 681 1572 ut
698 1512 866 1592 praeterea
884 1506 1013 1574 Octavii
1029 1509 1112 1574 Her-

100 1598 204 1664 sennii
227 1599 318 1680 liber,
341 1600 396 1681 qui
414 1598 603 1662 inscribitur
622 1597 660 1661 de
680 1598 780 1662 sacris
800 1595 978 1662 Saliaribus
997 1598 1111 1663 Tibur-

98 1688 193 1766 tium,
221 1687 343 1772 inquo
367 1686 472 1752 Salios
496 1685 630 1751 Herculi
652 1686 822 1751 institutos
846 1687 973 1772 operari
997 1687 1111 1752 dicbus

98 1777 194 1841 certis
218 1779 251 1840 et
274 1775 440 1860 auspicato
464 1775 565 1840 docet.

521 1991 681 1999 -.-—-—

386 2155 455 2239 12.
492 2157 819 2232 NICOSTRATUS

185 2307 267 2366 Festi
289 2326 349 2364 uno
368 2306 489 2365 tantum
507 2305 572 2363 loco
591 2303 678 2363 nobis
697 2307 786 2364 notus
805 2302 895 2361 huius
913 2301 978 2361 fere
998 2304 1108 2364 aetatis

95 2396 188 2454 fuisse
211 2395 340 2455 videtur.

403 2509 452 2567 De
476 2512 603 2568 senatu
625 2508 797 2568 habende.

183 2617 270 2684 Fest.
293 2642 323 2703 p.
342 2620 406 2684 347
431 2642 459 2684 v.
482 2621 640 2684 senacula.
663 2655 700 2665 -
727 2616 884 2682 Senacula
911 2617 977 2680 tria
1004 2617 1106 2683 fuisse

95 2708 228 2791 Romae,
246 2708 280 2772 in
300 2708 416 2792 quibus
435 2713 565 2773 senatus
582 2708 695 2772 haberi
715 2707 829 2772 solitus
854 2706 906 2787 sit,
929 2708 1106 2772 memoriae

95 2796 238 2881 prodidit
256 2795 462 2862 Nicostratus
481 2799 516 2861 in
536 2797 631 2882 libro,
651 2797 705 2880 qui
724 2795 913 2860 inscribitur
932 2793 971 2858 de
991 2800 1107 2861 senatu

94 2884 257 2968 habendo,
285 2909 399 2972 unum,
427 2887 482 2951 ubi
505 2907 590 2950 nunc
613 2890 663 2950 est
687 2884 773 2949 aedis
798 2882 997 2949 Concordiae
1021 2884 1107 2951 inter

94 2970 289 3058 Capitolium
322 2981 355 3040 et
390 2975 510 3058 forum,
545 2975 580 3039 in
614 2995 676 3058 quo
710 2973 858 3038 solebant
892 2972 1106 3057 magistratus

93 3061 200 3150 d(um)
222 3061 344 3152 t(axat)
372 3087 445 3130 oum
474 3063 654 3143 senioribus
683 3062 873 3142 deliberare,
902 3061 1041 3128 alterum
1065 3061 1106 3126 ad

92 3157 222 3236 portam
242 3153 415 3238 Capenam,
429 3153 562 3217 tertium
581 3153 663 3217 citra
683 3152 793 3216 aedem
808 3149 973 3233 Bellonae,
986 3151 1020 3214 in
1040 3173 1104 3235 quo

93 3247 274 3309 exterarum
298 3243 469 3307 nationum
491 3242 619 3326 legatis,
642 3263 722 3324 quos
746 3241 780 3305 in
799 3240 912 3305 urbem
933 3239 1106 3305 admittere

92 3332 259 3416 nolebant,
283 3335 413 3396 senatus
437 3331 582 3396 dabatur.
