2422 3840
317 162 343 212 8.
369 155 522 212 SERVIUS
542 156 727 214 SULPICIUS
744 158 863 215 RUFUS
1029 161 1092 224 217

78 325 119 384 rit
139 369 167 385 ..
189 324 272 384 dicto
295 319 487 385 audientem'.
531 326 568 385 D.
589 318 869 407 21,1,21(U1p.):
894 323 942 387 ‘ne
962 375 989 388 ..
1010 330 1094 389 iussu

78 413 144 474 eius
168 405 344 492 (emptoris)
368 415 483 473 furtum
507 416 570 476 sive
594 417 735 474 damnum
758 416 806 475 cui
829 416 934 475 datum
957 411 1017 477 sit’.

167 502 265 562 Rixae
287 503 418 579 primum
440 505 521 580 apud
541 503 677 564 Servium
701 508 732 563 et
749 504 891 564 Alfenum
915 507 1026 565 mentio
1050 507 1093 585 fit,

77 610 209 669 quorum
227 593 355 668 uterque
374 590 432 651 hac
450 592 486 651 de
505 610 537 651 ra
557 593 737 652 sententiam
751 592 833 652 dixit.
865 594 900 652 D.
917 596 945 671 9,
957 597 984 667 2,
1002 597 1092 672 52,1.

77 683 185 756 postea
213 679 315 740 Labeo
344 679 491 757 definivit,
520 682 593 757 quid
619 683 699 742 inter
727 676 855 740 ‘rixam'
882 687 913 741 ot
941 677 1093 742 ‘turbam'

77 769 251 829 interesset.
290 768 328 826 D.
346 770 398 846 47,
414 771 443 846 8,
458 771 488 846 4,
503 772 532 830 3.

333 927 336 935 ¹
391 947 438 1005 Dc
460 949 564 1021 cepitis
585 949 784 1009 deminutione.

171 1063 260 1130 150?
288 1063 326 1129 D.
341 1065 394 1144 48,
410 1066 463 1149 22,
477 1067 507 1131 3.
543 1065 680 1131 Alfenus
703 1067 788 1131 libro
811 1067 917 1150 primo
941 1068 1094 1151 epitoma-

76 1176 151 1218 rum
171 1151 222 1240 (P.
237 1150 306 1240 33).
338 1153 432 1237 Eum,
455 1155 509 1238 qui
528 1155 694 1219 civitatem
712 1157 885 1238 amitteret,
904 1155 986 1219 nihil
1006 1153 1092 1220 aliud

77 1243 159 1307 iuris
188 1241 329 1306 adimere
353 1242 479 1322 liberis,
505 1242 570 1308 nisi
598 1244 681 1328 quod
705 1245 745 1308 ab
769 1246 839 1327 ipso
862 1248 1091 1329 perventurum

79 1334 167 1396 esset
194 1330 235 1394 ad
259 1352 326 1414 eos,
355 1333 383 1394 si
405 1332 579 1396 intestatus
602 1333 638 1396 in
661 1333 792 1397 civitate
816 1339 993 1398 moreretur
1017 1334 1092 1413 [hoc

79 1423 131 1484 est
151 1419 366 1484 hereditatem
385 1420 452 1485 aius
472 1424 505 1484 et
521 1421 658 1486 libertos
677 1426 710 1485 et
729 1422 757 1486 si
776 1422 852 1506 quid
871 1422 958 1496 aliud
977 1422 1012 1486 in
1031 1423 1092 1488 hoc

78 1529 198 1594 genere
221 1509 378 1593 repperiri
401 1512 538 1592 potest];
567 1532 649 1593 quae
673 1532 748 1575 vero
772 1533 838 1575 non
861 1533 881 1576 a
903 1515 1010 1595 patre,
1037 1513 1092 1575 sed

79 1619 100 1661 a
122 1618 255 1682 genere,
278 1619 297 1660 a
320 1596 467 1681 civitate,
490 1620 509 1662 a
532 1621 638 1663 rerum
660 1602 777 1664 natura
801 1599 1028 1682 tribuerentur,
1054 1623 1092 1664 ea

79 1706 212 1750 manere
236 1686 282 1750 ais
304 1685 488 1751 incolumia.
530 1689 640 1771 itaque
663 1691 696 1751 et
714 1688 829 1752 fratres
849 1689 1004 1754 fratribus
1023 1689 1093 1753 fore

78 1767 246 1860 legitimos
264 1774 398 1839 heredes
423 1779 455 1840 et
474 1776 688 1859 adgnatorum
707 1778 827 1841 tutelas
847 1782 879 1841 at
898 1778 1091 1842 hereditates

78 1863 264 1928 habituros:
293 1884 360 1929 non
388 1864 471 1928 enim
500 1864 580 1929 haec
609 1869 746 1947 patrem,
774 1865 830 1928 sed
858 1866 996 1929 maiores
1024 1868 1091 1930 eius

78 1952 126 2016 eis
151 1951 286 2017 dedisse.

168 2063 219 2122 An
246 2062 344 2124 Servii
376 2082 552 2140 responsum
582 2063 692 2132 subsit,
725 2065 756 2122 in
783 2064 873 2123 dubio
901 2064 1091 2141 relinquitur.

77 2151 115 2212 cf.
141 2149 359 2226 Gai.1,161:
391 2153 490 2212 minor
512 2154 574 2214 siva
598 2153 765 2213 mediaest
788 2153 894 2229 eapitis
918 2153 1092 2230 deminutio,

79 2260 148 2301 cnm
171 2241 279 2300 ciuitas
304 2241 468 2319 amittitur,
491 2241 615 2302 libertas
639 2243 800 2319 retinetur3
827 2242 907 2319 quod
930 2242 1039 2301 accidit
1063 2243 1090 2300 ei

79 2331 129 2390 cui
152 2349 234 2405 aqua
261 2331 293 2388 at
315 2329 379 2408 igni
400 2329 594 2390 interdictum
618 2333 672 2391 ast.
720 2333 791 2391 163.
820 2377 848 2390 ..
869 2331 975 2405 capitis
1000 2331 1091 2389 demi-

78 2418 257 2478 nutionibus
281 2418 328 2477 ius
352 2419 522 2496 agnationis
545 2421 755 2497 corrumpitur.

347 2649 403 2710 ΠΙ.
435 2649 608 2710 Actiones
632 2651 834 2712 Seruianae.

169 2773 314 2833 Actiones
337 2773 412 2832 duas
436 2773 609 2851 Satrianus,
638 2779 669 2834 et
694 2774 838 2834 bonorum
860 2775 1038 2850 possessoris
1062 2778 1092 2833 et

80 2861 273 2940 pignoraticii
297 2862 462 2940 creditoris,
486 2881 505 2921 a
525 2863 629 2923 Seruio
649 2863 780 2939 Sulpicio
805 2863 951 2941 originem
973 2864 1091 2922 duxisse

82 2970 148 3010 mea
177 2950 298 3027 quidem
326 2951 475 3010 sententia
501 2952 577 3010 nihil
604 2952 730 3028 impedit
756 2953 916 3027 quominus
943 2955 1092 3028 putamus,

83 3058 264 3116 quamquam
291 3038 453 3117 Dernburg
477 3040 660 3099 Psandrecht
682 3040 711 3116 I,
732 3043 770 3100 61
784 3059 847 3117 sqq.
873 3042 962 3099 aliter
991 3041 1091 3099 sentit.

83 3147 157 3204 quae
181 3129 218 3187 de
241 3127 289 3187 his
313 3127 480 3188 actionibus
504 3128 678 3207 traduntur,
701 3130 775 3188 haee
797 3130 860 3187 fara
884 3131 962 3187 sunt.

170 3248 199 3312 1.
225 3244 296 3311 Gai.
309 3247 341 3330 4,
355 3247 453 3332 34sq.
494 3247 661 3313 Habemus
686 3247 790 3314 adhuc
814 3247 947 3312 alterius
967 3247 1092 3331 generis

84 3333 229 3401 fictiones
251 3335 287 3398 in
310 3336 503 3419 quibusdam
526 3337 685 3421 formulis,
707 3336 808 3401 veluti
829 3357 900 3400 oum
923 3336 952 3399 is
975 3335 1030 3419 qui
1054 3358 1092 3398 ex

87 3423 187 3490 edicto
215 3424 375 3489 bonorum
403 3426 642 3509 possessiouem
670 3426 778 3509 petiit,
810 3424 886 3488 ficto
915 3446 948 3488 se
975 3424 1092 3487 herede

88 3513 161 3596 agit
202 3534 275 3578 oum
298 3513 386 3576 enim
405 3515 571 3597 praetorio
590 3517 668 3600 iure,
691 3537 756 3581 non
776 3514 923 3601 legitimo
943 3513 1099 3578 succedat

1188 3658 1195 3737 s,
