2422 3840
99 150 161 214 192
198 150 245 206 VI.
268 149 405 206 ocrevl
422 147 633 206 saturnale
652 149 826 207 consum.
844 150 971 208 saurus
988 151 1104 207 PRIMA

434 338 481 396 Dc
502 340 546 397 rci
567 339 766 398 vindicatione.

185 457 235 522 80.
268 455 306 520 D.
327 457 356 539 6,
378 459 406 537 1,
425 455 476 522 58.
512 456 633 521 Paulus
662 456 744 520 libro
767 456 865 520 tertio
890 457 1102 541 epitomarum

96 544 205 608 Alieni
225 543 432 629 Digestorum
454 543 502 631 (P.
516 543 584 629 49).
621 548 650 608 Α
670 567 733 629 quo
752 566 864 609 servus
882 546 1056 629 petebatur
1073 555 1101 611 et

78 688 79 691 ,
97 633 238 698 eiusdem
258 634 342 697 servi
357 635 488 698 nomine
503 655 575 699 cum
591 654 628 697 eo
642 633 721 698 furti
736 635 902 718 agebatur,
921 635 1101 719 quaerebat,

97 722 125 786 si
151 726 288 806 utroque
315 722 433 786 iudicio
460 722 692 787 condemnatus
715 725 814 808 esset,
842 723 917 807 quid
941 723 1101 788 sefacere

97 815 271 895 oporteret.
313 810 341 874 si
359 811 447 894 prius
468 832 579 875 servus
598 811 639 875 ab
659 832 696 875 eo
717 811 838 876 evictus
858 816 954 893 esset,
973 834 1101 897 respon-

96 899 151 977 dit,
174 921 242 963 non
264 902 412 982 oportere
431 898 568 964 iudicem
588 920 712 983 cogere,
735 903 771 965 ut
789 921 862 964 eum
879 899 1025 966 traderet
1041 902 1103 966 nisi

97 989 125 1053 ei
157 988 350 1052 satisdatum
383 992 482 1072 esset,
515 989 599 1071 quod
632 1011 691 1072 pro
725 1009 762 1052 eo
792 988 924 1053 homine
952 989 1102 1055 iudicium

96 1077 282 1160 accepisset,
309 1076 336 1141 si
360 1077 436 1161 quid
461 1077 502 1141 ob
526 1099 596 1141 eam
619 1098 686 1140 rem
711 1077 822 1142 dutum
845 1081 939 1162 esset,
962 1078 995 1142 id
1019 1084 1103 1144 recte

94 1165 260 1250 praestari.
303 1166 358 1230 sed
382 1165 409 1229 si
432 1167 522 1248 prius
545 1165 583 1228 de
602 1165 687 1229 furto
707 1165 860 1230 iudicium
878 1165 1002 1231 factum
1021 1173 1105 1233 esset

96 1258 128 1318 et
154 1252 318 1318 hominem
345 1276 449 1318 noxae
478 1253 631 1337 dedisset,
664 1254 777 1318 deinde
805 1254 843 1318 de
871 1254 942 1338 ipso
975 1256 1104 1321 homine

96 1344 269 1408 secundum
287 1344 460 1427 petitorem
478 1340 631 1407 iudicium
651 1342 773 1407 factum
792 1347 887 1428 esset,
903 1365 972 1408 non
990 1344 1104 1410 debere

96 1433 138 1495 ob
170 1454 241 1495 eam
275 1453 343 1494 rem
375 1431 525 1514 iudicem,
558 1432 642 1515 quod
670 1431 833 1496 hominem
862 1452 928 1497 non
954 1433 1106 1518 traderet,

95 1520 186 1583 litem
211 1519 391 1603 aestimare,
415 1519 568 1603 quoniam
591 1519 673 1584 nihil
697 1520 765 1584 eius
789 1520 884 1604 eulpa
905 1542 1012 1606 neque
1032 1523 1105 1589 doio

95 1608 299 1693 contigisset,
323 1630 386 1693 quo
410 1609 516 1673 minus
539 1607 704 1673 hominem
726 1610 878 1686 truderet.

181 1737 288 1796 Alieni
309 1724 360 1797 vel
376 1739 465 1796 Pauli
489 1738 586 1797 oratio
610 1739 827 1798 aTriboniano
848 1739 893 1797 ita
910 1743 1033 1800 mutata
1053 1744 1105 1817 est,

94 1830 129 1885 ut
151 1827 282 1904 genuina
304 1827 401 1887 forma
423 1847 460 1887 ne
484 1827 612 1887 divinari
635 1826 756 1903 quidem
779 1827 882 1904 possit.

369 2014 416 2072 Do
439 2017 548 2074 cciioim
571 2015 610 2074 cd
632 2014 827 2073 animcadum.

182 2133 233 2197 81.
258 2132 296 2196 D.
310 2133 360 2215 10,
373 2133 404 2216 4,
417 2132 467 2196 19.
498 2131 618 2197 Paulus
643 2131 726 2196 libro
746 2134 862 2216 quarto
886 2133 1102 2216 epitomarum

94 2219 202 2284 Alieni
223 2217 272 2307 (P.
292 2219 359 2306 66).
397 2222 447 2285 Ad
471 2220 685 2286 exhibendum
709 2224 846 2303 possunt
870 2240 966 2305 agere
990 2243 1103 2287 omnes

93 2329 229 2393 quorum
249 2311 393 2373 interest.
431 2310 486 2373 sed
505 2310 634 2394 quidam
654 2310 825 2386 consuluit,
849 2331 889 2373 an
909 2311 1015 2393 possit
1035 2311 1103 2376 effi-

94 2419 164 2462 cere
182 2398 261 2461 haec
277 2398 370 2481 actio,
389 2400 425 2461 ut
438 2396 580 2462 rationes
596 2397 770 2463 adversarii
785 2397 848 2462 sibi
863 2398 1103 2485 exhiberentur,

94 2507 173 2569 quas
202 2485 347 2550 exhiberi
374 2487 486 2571 magni
513 2488 581 2551 eius
608 2489 787 2551 interesset.
837 2488 1007 2571 respondit
1037 2510 1103 2553 non

95 2577 243 2656 oportere
275 2575 325 2637 ius
359 2575 451 2640 civile
484 2576 673 2640 calumniari
702 2595 807 2660 neque
836 2577 935 2641 rerba
967 2577 1103 2662 captari,

94 2661 149 2724 sed
168 2684 231 2746 qua
250 2667 357 2726 mente
375 2664 450 2748 quid
466 2665 634 2746 diceretur,
653 2664 908 2729 animadvertere
923 2667 1102 2731 convenire.

93 2772 168 2813 nam
197 2751 255 2815 illa
281 2753 407 2816 ratione
436 2753 533 2817 etiam
562 2753 741 2818 studiosum
770 2752 907 2818 alicuius
936 2753 1103 2820 doetrinae

93 2860 188 2921 posse
221 2841 324 2905 dicere
353 2863 411 2905 sua
437 2843 593 2907 interesse
621 2843 695 2907 illos
724 2845 780 2906 aut
806 2840 881 2906 illos
909 2842 1013 2908 libros
1040 2845 1102 2909 sibi

94 2928 251 3014 exhiberi,
284 2930 371 3014 quia,
405 2931 432 2994 si
460 2935 567 2995 essent
593 2931 742 3013 exhibiti,
774 2952 847 2994 cum
874 2951 929 2995 eos
957 2932 1103 3017 legisset,

94 3016 216 3082 doctior
240 3024 271 3082 et
295 3018 407 3083 melior
429 3020 557 3084 futurus
581 3024 674 3084 esset.

460 3211 507 3269 Dc
529 3229 607 3284 uque
623 3213 736 3285 piccio.

182 3329 232 3393 82.
257 3328 296 3392 D.
311 3330 362 3413 39,
377 3330 408 3411 3,
422 3330 474 3394 24.
500 3328 636 3394 Alfenus
655 3331 739 3395 libro
759 3333 875 3414 quarto
890 3330 1101 3415 Digestorum

94 3437 112 3479 a
132 3416 232 3481 Paulo
253 3419 502 3499 epitomatorum
524 3418 573 3505 (P.
588 3416 654 3505 64).
685 3417 819 3484 Vicinus
842 3418 905 3484 loci
925 3421 1101 3505 superioris

86 3512 221 3583 pratum
245 3507 294 3569 ita
319 3507 439 3590 arabat,
464 3511 500 3571 ut
517 3530 574 3592 per
593 3509 699 3572 sulcos
718 3508 861 3592 itemque
881 3530 996 3592 porcas
1016 3531 1102 3594 aqua
