2422 3840
312 159 338 208 8.
365 153 519 209 SERVIUS
538 153 719 216 sobriores
739 153 855 209 RUFUS
1024 155 1086 218 159

76 322 279 398 Digestorum
314 322 390 381 libro
426 322 522 397 primo
558 321 694 382 Servium
730 322 917 398 respondisse
954 318 1088 399 scripsit'

76 406 130 480 (D.
141 412 234 487 28,1,
247 412 287 472 25
303 411 461 470 Iavolenus
472 410 583 469 libroV
593 412 792 487 posteriorum
803 411 949 469 Labeonis
958 410 990 470 P.
1000 408 1088 489 216),

76 494 152 560 ‘scio
172 499 312 560 Servium
334 492 533 576 respondisse'
558 491 818 579 (1).18,1,80,1
843 498 943 559 Labeo
966 501 1043 560 libro
1061 501 1088 558 V

76 588 284 664 posteriorum
301 607 319 645 a
338 588 478 648 Iauoleno
497 588 729 663 epitomatorem
748 588 780 644 P.
796 579 888 666 208),
907 607 941 646 ex
955 589 1089 648 Namusa

77 679 165 736 haec:
200 671 353 736 ‘Namusa
376 676 511 737 Servium
537 676 723 754 respondisse
752 671 872 735 scribit'
904 668 953 757 (D.
979 679 1034 754 35,
1059 681 1088 753 1,

77 767 132 844 40,
143 769 173 826 3.
200 765 286 824 Idem
304 762 490 841 [Iavolenus]
509 765 587 824 libro
601 764 632 823 II
651 785 687 823 ex
704 765 920 841 posterioribus
938 765 1087 826 Labeonis

78 855 112 913 P.
134 845 229 934 186),
252 873 289 912 ex
306 854 395 913 Ateio
415 854 542 930 denique
565 855 650 913 haec:
675 849 1087 930 ξ1161168611111161-

77 943 159 1002 disse
183 937 300 1002 scribit'
324 942 374 1011 (D.
389 945 440 1018 34,
456 944 484 1021 2,
500 944 583 1020 39,2
604 943 764 1002 Iavolenus
783 942 859 1002 libro
877 943 909 1001 H
932 962 967 1002 ex
989 946 1087 1020 poste·

76 1031 211 1091 rioribus
233 1030 382 1090 Labeonis
408 1031 440 1090 P.
461 1022 553 1112 185),
585 1025 704 1090 ‘Ateius
733 1031 854 1107 scripsit
881 1031 1086 1092 8611111116-

76 1115 247 1196 spondisse'
276 1111 324 1200 (D.
351 1122 401 1196 23,
425 1123 453 1196 3,
480 1122 520 1180 79
550 1121 649 1179 Labeo
676 1119 753 1179 libro
775 1119 820 1178 VI
846 1121 1045 1195 posteriorum
1070 1140 1087 1179 a

77 1209 223 1268 Iauoleno
247 1210 479 1283 epitomatorum
502 1209 532 1267 P.
554 1202 641 1285 221).
684 1205 686 1208 ’

169 1297 272 1356 Secuti
295 1300 367 1356 sunt
383 1297 528 1357 Prooqus
551 1291 721 1376 (Proculus
739 1297 851 1356 indicat
874 1298 930 1357 hoc
947 1299 1014 1356 iure
1032 1317 1086 1357 nos

76 1387 135 1460 uti,
152 1387 233 1462 quod
248 1385 351 1445 Servio
369 1391 401 1444 61
418 1385 549 1445 Labeoni
567 1381 740 1460 placuisset’
760 1387 793 1444 D.
809 1389 860 1461 41,
873 1390 900 1461 1,
912 1390 953 1447 26
973 1387 1086 1446 Ρ61116

75 1475 157 1533 libro
171 1473 243 1532 XIV
262 1476 299 1533 ad
319 1466 487 1555 Sabinum),
509 1505 548 1515 —
569 1473 672 1533 Celsus
691 1474 771 1534 filius
791 1469 939 1554 (Servius
954 1519 978 1536 ..
994 1481 1086 1553 negat

76 1557 194 1622 deberi'
215 1562 252 1621 D.
273 1564 323 1640 30,
344 1565 384 1622 63
408 1564 485 1622 libro
503 1562 591 1621 XVII
612 1562 817 1640 Digestorum,
846 1558 888 1623 ‘et
916 1565 959 1623 ait
983 1565 1086 1624 Celsus

76 1651 218 1712 Servium
239 1647 440 1710 constituisse’
459 1651 495 1710 D.
512 1653 671 1727 26,1‚3,3
690 1650 836 1727 Ulpianus
854 1653 931 1712 libro
945 1653 1087 1712 XXXVII

76 1739 118 1799 ad
138 1731 305 1820 Sabinum),
331 1770 369 1780 -
395 1741 577 1816 Pomponius
598 1758 666 1798 cum
685 1747 764 1799 66116
782 1741 868 1801 libris
887 1741 925 1799 ad
944 1742 1086 1801 Sabinum

77 1824 172 1908 (libro
185 1828 217 1887 Π
233 1829 271 1889 D.
287 1831 315 1905 5,
332 1832 359 1902 1,
375 1830 417 1889 80
436 1824 568 1888 ‘Servius
586 1824 761 1905 respondit',
782 1831 858 1889 libro
875 1830 920 1888 III
938 1830 975 1889 D.
991 1833 1041 1906 35,
1059 1834 1086 1908 1,

78 1920 141 1994 6,1
168 1911 303 1977 ‘Servius
321 1912 496 1993 respoudit',
518 1919 593 1977 libro
610 1917 653 1974 VI
671 1917 706 1975 D.
722 1919 774 1988 33,
790 1921 818 1991 7,
835 1920 873 1978 15
885 1938 928 1992 pr.
953 1914 1086 1978 ‘Servius

76 2000 246 2080 respondit'
273 2009 304 2065 et
330 2006 407 2066 libro
430 2006 513 2064 XXX
539 2007 576 2066 D.
596 2009 646 2080 32,
667 2008 707 2064 57
736 2000 870 2064 ‘Servius
898 2000 1087 2087 respondit'),

75 2096 145 2152 tum
182 2095 310 2154 fortasse
347 2096 437 2154 etiarn
473 2095 558 2154 libris
595 2096 633 2153 ad
665 2093 698 2163 Q.
726 2094 858 2151 Mucium
894 2087 984 2171 (libro
1012 2094 1087 2153 VIII

76 2183 338 2260 1111111111
363 2177 500 2243 ‘Servius
524 2179 578 2242 ail’
603 2188 633 2242 61
655 2183 731 2241 libro
750 2180 908 2240 XXXVIII
930 2182 966 2240 D.
986 2185 1037 2257 47,
1059 2185 1087 2258 2,

79 2272 132 2347 77,
158 2276 174 2330 1
210 2265 280 2330 ‘nec
309 2272 424 2331 utimur
452 2271 546 2332 Servii
575 2272 723 2332 sententia
753 2271 804 2347 qui
830 2272 960 2346 putabat
988 2263 1085 2350 ...’),

81 2393 119 2402 -
146 2359 282 2419 Iulianus
301 2361 495 2437 Digestorum
516 2361 602 2420 libris
626 2354 717 2441 (libro
732 2359 828 2417 XLIV
846 2359 882 2417 D.
898 2363 949 2437 41,
965 2362 993 2437 5,
1010 2362 1037 2437 2,
1054 2362 1085 2418 2:

78 2443 222 2526 ‘negavIt
256 2465 419 2524 usucapere
457 2445 620 2527 Servius'),
656 2450 732 2508 libro
770 2449 915 2524 singulari
951 2449 987 2507 de
1024 2468 1086 2507 am-

78 2537 283 2614 biguItatibus
312 2530 362 2618 (D.
387 2540 437 2613 32,
462 2540 502 2597 62
532 2532 702 2613 ‘respondit
730 2529 886 2616 Servius')
915 2541 945 2596 et
972 2538 1086 2597 incerto

79 2625 210 2701 quodam
242 2625 320 2684 libro
354 2617 533 2706 (Africanus
566 2627 645 2686 enim
677 2624 891 2695 Quaestionum
922 2626 1000 2686 libro
1027 2625 1087 2685 VH

78 2714 115 2772 D.
130 2716 184 2790 44,
200 2716 229 2792 7,
245 2717 285 2774 23
309 2715 382 2774 haec
401 2715 518 2774 scribit:
541 2709 706 2791 ‘respondit
723 2710 935 2793 <Iulianusl>t
959 2717 1032 2774 adeo
1051 2721 1087 2774 ut

79 2804 111 2861 et
137 2802 217 2860 illud
240 2801 360 2862 Servius
387 2804 553 2862 rectissime
582 2797 837 2880 existimaverit'),
861 2835 903 2844 -—
927 2804 1097 2863 Africanus-

80 2889 298 2960 Quaestionum
321 2891 405 2950 libris
430 2889 521 2967 (libro
536 2892 595 2950 VII
617 2892 653 2950 D.
668 2894 721 2966 44,
737 2895 765 2968 7,
781 2894 820 2951 23
846 2887 886 2952 ³..
909 2897 946 2950 ut
964 2893 1086 2952 Servius

79 3023 108 3038 ..
131 2974 369 3057 existimaverit',
392 2980 468 3040 libro
487 2979 562 3039 VIII
583 2981 619 3038 D.
641 2983 690 3057 19,
707 2983 735 3058 2,
754 2982 795 3040 35
806 3000 849 3056 pr.
874 2975 1037 3039 ‘distinctio
1058 3027 1086 3039 ..

79 3086 157 3144 quae
176 3067 314 3129 aServio
331 3068 502 3128 introducta
520 3117 526 3128 .
542 3112 549 3127 .
568 3063 649 3148 est'),
664 3099 706 3108 —-
721 3069 879 3127 Marcellus
893 3069 1086 3146 Digestorum

80 3157 165 3215 libris
189 3151 239 3232 (D.
255 3158 306 3229 46,
325 3159 353 3234 3,
372 3159 410 3216 67
436 3152 528 3233 ‘apud
547 3157 689 3216 Alfenum
709 3201 732 3214 ..
754 3157 875 3217 Servius
898 3151 1086 3236 respondit’),

82 3244 227 3304 Scaevola
251 3243 464 3314 Quaestionum
487 3246 572 3305 libris
596 3243 646 3323 (D.
668 3248 717 3320 21,
738 3249 766 3320 2,
789 3246 839 3322 69,
860 3247 878 3304 3
907 3239 1086 3303 ‘auotoritas

82 3331 226 3394 Servii..
247 3328 481 3413 existimantis'),
502 3366 540 3376 -
561 3334 742 3410 Papinianus
760 3333 980 3408 Responsorum
1002 3331 1086 3392 libris

83 3415 172 3500 (libro
201 3421 228 3482 X
265 3421 302 3481 D.
325 3425 382 3499 40,
400 3426 434 3500 4,
457 3426 499 3484 48
537 3418 674 3482 ‘Servius
711 3414 887 3497 respondit',
923 3421 1000 3479 libro
1028 3421 1086 3480 XII

83 3507 149 3570 Vat
169 3511 204 3571 fr.
226 3513 289 3572 294
318 3505 437 3572 ‘Servio
465 3511 596 3588 Sulpicio
623 3502 759 3586 placuit',
786 3509 863 3568 libro
882 3509 957 3568 XIII
978 3510 1014 3569 D.
1035 3513 1090 3587 28,

1165 3676 1186 3799 1
