2422 3840
98 146 140 208 62
176 147 224 204 IV.
247 146 393 201 SEPTIMI
409 145 508 202 SAEC.
522 145 619 202 IURIS
635 146 806 203 CONSULT.
823 147 948 202 saulus
962 148 1110 204 ALTERA

100 333 168 375 cum
200 314 357 390 Pomponii
391 333 465 391 opus
498 314 647 390 duplicem
679 315 741 375 fere
773 335 932 375 numerum
962 316 1111 377 librorum

99 405 270 480 amplexum
298 404 350 478 sit,
378 404 487 481 aliquis
513 403 653 481 coniciat,
680 424 716 464 ea
739 423 816 482 quae
838 405 957 464 Mucius
981 405 1110 482 singulis

99 493 185 552 libris
209 493 359 569 exposuit,
381 492 578 568 Pomponium
601 493 679 552 binis
703 495 765 552 fere
788 495 960 570 explicasse.
1005 514 1111 571 quam-

99 603 189 659 quam
207 601 254 641 res
274 600 350 658 quae
369 582 407 640 ab
425 587 554 658 utroque
574 581 717 657 scriptore
737 582 903 658 explicatae
918 585 997 656 sunt,
1016 584 1110 643 inter-

98 672 179 731 vallo
202 671 344 746 temporis
367 690 426 730 non
450 689 551 730 omnes
574 671 749 747 parimodo
773 672 941 747 increvisse,
964 672 1017 731 sed
1038 692 1109 732 non-

98 761 197 820 nullas
229 759 391 838 interiisse,
424 759 499 818 alias
530 777 623 819 noras
655 760 805 820 exstitisse
837 764 953 819 certum
981 764 1040 820 est:
1073 764 1110 820 ut

98 849 226 925 exempli
253 848 353 927 gratia
379 851 479 907 totum
502 848 691 922 gentilicium
712 849 773 924 ius,
801 849 881 924 quod
904 849 1038 909 Mucium
1061 869 1110 909 ex·

96 940 222 1015 plicasse
246 940 377 1012 constat,
405 937 561 1012 Pomponii
584 941 717 1012 tempore
739 937 800 996 iam
822 938 854 996 in
877 937 1107 997 desuetudinem

96 1028 207 1088 abiisse
225 1028 335 1086 scimus
355 1016 591 1107 (Gai.111‚17);
613 1025 687 1085 item
705 1026 764 1086 duo
783 1026 837 1084 illa
854 1029 1106 1087 testamentorum

96 1136 217 1196 genera,
246 1134 322 1192 quae
345 1115 432 1174 initio
455 1114 588 1189 fuerant,
610 1114 642 1173 in
665 1115 892 1175 desuetudinem
914 1115 1054 1175 abierunt
1075 1118 1107 1175 et

95 1207 221 1266 tertium
252 1222 347 1281 genus
379 1203 460 1278 quod
491 1203 627 1277 accessit,
664 1203 822 1279 Pomponii
852 1207 986 1279 tempore
1018 1205 1108 1264 allter

96 1294 291 1355 ordinabatur
309 1295 399 1368 atque
418 1291 491 1352 olim
509 1292 634 1351 solebat.
668 1291 732 1352 Gai.
745 1291 785 1367 II,
802 1294 984 1352 lor—103.
1018 1293 1106 1355 Pom-

95 1383 219 1460 ponium
247 1385 348 1440 autem
376 1399 395 1439 a
420 1380 509 1440 rebus
538 1381 677 1440 aMucio
704 1382 843 1440 tractatis
872 1400 1010 1441 exorsum
1032 1401 1105 1441 non·

95 1489 250 1547 nunquam
267 1470 386 1547 longius
405 1470 442 1528 ad
461 1469 559 1528 aliena
577 1470 738 1545 aberrasse,
757 1469 837 1547 q'uod
854 1469 947 1529 Lenel
961 1470 1104 1531 Sabinus-

96 1565 210 1637 system
235 1579 265 1634 p.
289 1561 381 1635 11sq.
409 1577 463 1634 pro
492 1562 572 1617 certo
600 1559 721 1631 statuit,
752 1578 812 1618 non
839 1558 913 1617 mihi
940 1560 1103 1635 persuasit:

94 1669 196 1709 rerum
218 1647 304 1723 copia
325 1645 481 1723 Pomponii
504 1649 603 1706 aetate
627 1647 722 1706 maior
744 1651 823 1706 certe
847 1650 924 1724 erat3
948 1648 999 1707 sed
1023 1648 1103 1725 quod

94 1737 188 1797 Lenel
207 1737 251 1797 ita
270 1736 387 1814 statuit,
408 1755 469 1795 non
487 1736 547 1794 alia
564 1736 679 1795 ratione
699 1736 818 1795 videtur
837 1736 988 1810 statuisse,
1011 1756 1103 1813 quam

95 1827 173 1903 quod
192 1845 292 1885 rerum
309 1825 342 1883 in
354 1824 511 1900 Pomponii
528 1825 704 1902 fragmentis
720 1827 918 1884 tractatarum
932 1825 1102 1886 coniunctio

94 1915 227 1975 nondum
252 1914 371 1992 cognita
394 1912 480 1973 valde
503 1909 580 1972 mira
602 1914 731 1973 videtur.

182 2004 247 2062 Iam
265 2003 412 2079 quomodo
427 2003 582 2078 Pomponii
595 2002 681 2061 libris
695 2002 823 2081 siugulis
837 2002 968 2061 Muciani
980 2021 1104 2078 respon·

94 2093 172 2160 disse
204 2093 278 2152 mihi
309 2092 468 2153 videantur
498 2109 676 2167 proponam3
709 2111 799 2168 quam
825 2110 888 2150 rem
915 2094 1012 2150 totam
1039 2092 1102 2152 sere

95 2201 158 2242 esse
183 2182 414 2241 coniecturalem
436 2180 486 2240 vix
509 2182 555 2238 est
577 2180 658 2254 quod
680 2199 825 2240 moneam.

94 2429 281 2504 Pomponii
305 2427 347 2486 ad
366 2427 398 2497 Q.
417 2427 570 2486 Mucium
649 2427 681 2498 Q.
705 2428 814 2487 Mucii
839 2427 931 2487 iuris
957 2428 1079 2488 civilis

209 2516 296 2575 libri
319 2515 453 2576 XXXIX.
753 2517 841 2575 libri
864 2515 975 2574 XVIII.

260 2676 283 2735 Ι.
311 2675 360 2734 De
384 2675 654 2736 hereditatibus
678 2681 712 2736 et
735 2677 775 2736 de
798 2676 941 2752 legatis.

93 2801 163 2861 libri
185 2799 292 2859 I-III
314 2799 350 2859 de
373 2801 568 2860 testamentis.
595 2793 599 2848 Ι
624 2802 701 2861 liber
727 2801 744 2861 I
775 2801 854 2861 det
841 2800 1012 2860 testament
990 2805 1030 2860 trs
1057 2799 1100 2875 (et

669 2891 705 2950 de
727 2883 878 2969 legatis?).

93 2923 164 3038 libri
181 2978 316 3036 Hl—IX
339 2978 375 3037 de
398 2979 514 3056 legatis
623 2978 699 3037 liber
712 2979 782 3038 IIe
784 2979 893 3038 ttfore
912 2977 1005 3036 etiam
1022 2978 1099 3038 liber

666 3067 713 3126 ΠΙ
741 3067 777 3126 de
804 3066 912 3145 legatis
937 3063 981 3141 (P.
1005 3070 1062 3125 1-
1071 3068 1100 3126 5‘.

670 3153 820 3230 13-22).

92 3246 169 3304 liber
195 3246 223 3303 X
256 3244 293 3304 de
322 3244 458 3322 legitima
484 3245 568 3303 here·
622 3245 698 3304 liber
708 3238 798 3323 ΝΘ)
814 3245 849 3303 de
864 3243 1002 3322 legitima
1014 3245 1098 3304 here·

137 3334 240 3394 aare.
594 3324 596 3343 '
666 3335 761 3393 essse
786 3328 831 3410 (P.
857 3333 908 3394 aa.
932 3326 999 3411 55).

92 3423 167 3482 liber
190 3423 233 3481 XI
260 3422 392 3481 familiae
420 3422 566 3481 erciscun·
621 3421 697 3481 liber
714 3421 778 3480 IV?
797 3423 845 3480 vel
863 3412 941 3502 V(?)
964 3421 1096 3480 familiae

137 3511 211 3571 dae?
666 3510 865 3570 erciscundae.
