2422 3840
119 158 184 222 418
213 157 287 213 v111.
303 155 438 213 OCTAVI
452 155 550 212 SAEC.
561 155 657 211 IURIS
673 154 847 211 CONSULT.
858 153 983 210 sanias
997 155 1135 210 TERTIA

120 342 328 406 cognosceres
361 323 498 384 matrem
530 320 599 384 eius
631 319 785 383 furtivam
823 339 906 401 esse,
942 319 1133 386 Trebatius1

120 411 208 474 omni
227 410 331 488 mode,
355 409 440 494 quod
459 409 507 472 ita
523 430 708 493 possessum
728 410 821 493 esset,
840 411 1032 492 usucaptum
1053 430 1134 474 esse.

435 575 495 630 'De
512 575 676 630 oramentis
693 574 796 643 emptis.
823 605 829 616 ·

207 675 259 740 45.
290 674 330 741 D.
350 676 400 758 18,
421 675 450 758 1,
468 675 521 740 45.
557 674 647 739 Idem
671 670 882 760 (Marcianus)
906 674 991 739 libro
1016 679 1135 760 quarto

118 766 303 849 regularum
327 763 376 850 (P.
395 762 484 849 362).
530 762 638 828 Labeo
661 763 746 827 libro
769 763 985 847 posteriorum
1010 764 1134 847 scribit,

120 854 148 917 si
166 853 358 918 vestimenta
377 853 538 936 interpola
557 852 628 937 quis
648 873 707 935 pro
726 852 819 916 novis
838 852 959 934 emerit,
975 850 1134 917 Trebatio

118 942 245 1027 placere
277 942 325 1006 ita
356 941 494 1024 emptori
531 940 759 1024 praestandum
796 940 882 1025 quod
918 941 1066 1025 interest,
1104 942 1133 1005 si

119 1032 274 1116 ignorans
297 1031 457 1114 interpola
481 1029 603 1094 emerit.

207 1141 244 1203 cf.
266 1141 384 1202 Nonius
401 1163 434 1218 .p.
455 1141 511 1218 34,
531 1143 564 1200 2:
588 1140 770 1217 interpolare
794 1143 841 1200 est
863 1184 915 1199 ...
938 1143 1071 1200 tractum
1094 1141 1134 1200 ab

119 1233 184 1290 arte
203 1231 362 1304 fullonum,
382 1230 433 1308 qui
449 1230 588 1305 poliendo
604 1229 765 1307 diligenter
778 1231 882 1288 vetera
896 1247 1032 1307 quaeque
1047 1230 1133 1306 quasi

117 1320 149 1378 in
171 1339 281 1380 novam
303 1319 432 1396 speciem
454 1319 582 1377 mutant.

503 1470 548 1525 De
566 1470 637 1525 dotto
655 1473 749 1539 empto.

206 1571 259 1636 46.
282 1568 321 1634 Ι).
333 1571 383 1652 18,
398 1571 427 1653 6,
444 1569 471 1651 1,
486 1569 515 1633 2.
544 1568 704 1652 Ulpianus
720 1569 803 1632 libro
823 1568 996 1634 vicensimo
1017 1574 1134 1635 octavo

119 1659 160 1723 ad
188 1657 344 1724 Sabinum
372 1655 422 1744 (P.
444 1654 556 1746 2717).
607 1657 642 1722 Si
674 1657 797 1722 dolium
825 1657 990 1742 signatum
1019 1660 1062 1723 sit
1091 1660 1133 1724 ab

119 1752 277 1832 emptore,
300 1746 471 1811 Trebatius
496 1749 542 1812 ait
564 1747 719 1810 traditum
741 1747 774 1811 id
796 1746 908 1810 videri.

485 1913 529 1968 De
547 1913 625 1967 bonta
642 1913 766 1967 eruditis.

207 2013 260 2078 47.
288 2013 327 2078 Ι).
346 2014 404 2095 41,
422 2013 453 2099 4,
471 2014 500 2091 2,
521 2013 552 2077 7.
589 2011 709 2077 Paulus
733 2013 816 2077 libro
840 2011 1134 2096 quinquagensimo

119 2105 235 2187 quarto
263 2102 303 2166 ad
331 2102 470 2166 edictum
495 2100 542 2184 (P.
558 2099 646 2188 664).
686 2101 767 2166 llius
790 2100 877 2165 bona
901 2100 1023 2184 emisti,
1046 2102 1132 2186 apud

120 2213 214 2275 quern
243 2191 406 2274 mancipia
433 2190 582 2275 deposita
610 2194 715 2255 erant:
744 2189 916 2254 Trebatius
944 2190 990 2252 ait
1013 2212 1075 2254 usu
1099 2194 1133 2254 te

119 2301 185 2344 non
209 2282 386 2365 capturum,
411 2279 486 2363 quia
509 2284 618 2364 empta
639 2301 705 2349 non
729 2277 803 2342 sint.

506 2443 551 2500 De
568 2445 741 2499 commodato.

208 2546 260 2611 48.
285 2545 325 2610 Ι).
338 2546 369 2628 4,
384 2545 414 2629 3,
429 2545 480 2627 18,
495 2547 524 2610 3.
557 2545 675 2609 Paulus
695 2542 778 2607 libro
798 2543 968 2607 undecimo
988 2543 1028 2607 ad
1048 2544 1133 2610 edic·

118 2637 188 2698 tum
212 2633 261 2720 (P.
275 2631 365 2721 209).
401 2633 450 2698 De
474 2655 512 2698 eo
537 2633 593 2717 qui
612 2633 714 2697 sciens
734 2631 971 2696 commodasset
988 2635 1134 2716 pondera

118 2722 288 2807 <iniqua>,
328 2727 366 2786 ut
402 2722 555 2786 venditor
594 2721 731 2805 emptori
768 2741 888 2785 merces
926 2719 1134 2806 adpenderet,

119 2811 291 2876 Trebatius
314 2811 353 2875 de
377 2810 450 2876 dolo
475 2811 574 2875 dabat
597 2811 766 2875 actionem.

495 3012 496 3016 ’
543 3001 590 3060 De
611 3002 709 3075 fartis.

207 3122 258 3186 49.
291 3121 330 3185 Ι).
349 3121 406 3206 47,
424 3122 460 3205 2,
478 3121 514 3186 21
536 3142 584 3205 pr.
630 3118 790 3203 Ulpianus
817 3117 901 3182 libro
929 3117 1132 3203 quadragen-

120 3212 201 3275 simo
235 3210 275 3275 ad
307 3209 462 3275 Sabinum
489 3206 539 3295 (P.
560 3204 672 3294 2858).
716 3205 869 3292 Volgaris
897 3213 947 3270 est
974 3209 1132 3292 quaestio,

120 3321 161 3363 an
183 3300 221 3382 is,
244 3298 298 3383 qui
321 3320 360 3362 ex
383 3320 495 3363 acervo
519 3297 674 3362 frumenti
697 3296 840 3360 modium
863 3295 1005 3379 sustulit,
1027 3298 1132 3361 totius

189 3461 203 3508 1
233 3455 365 3511 Oaiaciue
389 3453 553 3509 ‘Neratius’
574 3455 659 3524 lepore
676 3454 788 3508 mavult.
830 3453 864 3519 cs.
886 3453 1014 3508 Peraicc:
1037 3454 1133 3510 Labeo

102 3524 167 3593 II2,
183 3530 244 3583 402
260 3545 286 3584 11.
303 3532 332 3600 3,
350 3528 402 3601 qui
418 3527 539 3586 dabitat.
