2422 3840
94 169 159 233 120
201 169 234 223 V.
257 167 403 222 caralni
417 163 516 222 SAEG.
531 165 627 221 IURIS
642 164 817 222 CONSULT.
832 164 959 222 SERIES
973 165 1107 220 TERTIA

96 351 204 396 annua
235 331 324 394 bima
351 329 450 394 trima
477 328 528 393 die
556 328 644 394 dato'
663 379 670 394 .
687 376 716 394 ..
740 329 823 393 hanc
912 329 1107 412 scripturam

34 491 36 495 ,
93 441 160 485 non
188 420 294 484 solum
323 418 362 483 ad
390 417 616 501 praecedentia
643 419 714 483 sola
741 419 865 502 legata,
883 417 946 482 sed
973 418 1015 482 ad
1037 420 1108 483 uni·

94 530 189 574 versa
212 524 294 592 quae
317 511 513 572 testamento
537 506 700 592 adscripta
723 511 814 591 sunt,
841 505 970 571 extendi
994 505 1107 572 Gallus

94 595 270 682 Aquillius,
294 595 423 679 Ofilius,
447 595 618 660 Trebatius
641 595 885 680 responderunt.

184 686 214 752 8.
246 685 285 751 D.
308 687 365 765 34,
385 686 418 767 2,
438 685 480 748 32
509 686 578 764 §L
628 684 748 749 Paulus
781 684 865 749 libro
897 685 1039 750 secundo
1069 686 1107 750 ad

93 773 265 840 Vitellium
276 771 327 862 (P.
337 769 449 859 2074).
473 770 577 858 (Auro
591 771 679 838 iacto
695 773 946 838 adnumerantur
960 794 1107 858 gemmae

94 864 199 928 anulis
209 864 353 928 inclusae
363 912 370 927 .
381 913 387 926 .
399 910 406 925 .
416 862 544 945 cymbia
559 865 712 946 argentea
727 863 844 927 crustis
853 863 960 926 aureis
970 863 1109 947 illigata,

95 952 303 1038 margaritae,
320 972 402 1036 quae
420 950 469 1015 ita
487 951 685 1015 ornamentis
706 951 919 1015 muliebribus
938 954 1108 1017 contextae

94 1043 180 1123 sunt,
204 1044 240 1104 ut
263 1041 297 1105 in
319 1040 371 1104 his
396 1043 544 1123 aspectus
568 1040 641 1103 auri
663 1040 827 1123 potentior
850 1036 908 1126 sit)
1010 1061 1107 1105 aurea

94 1130 299 1212 emblemata,
318 1149 400 1212 quae
416 1129 448 1193 in
463 1126 627 1211 lapidibus
642 1128 808 1211 apsidibus
822 1131 986 1212 argenteis
1000 1136 1109 1193 essent

95 1222 128 1282 et
150 1219 349 1302 replumbari
370 1220 517 1302 possent,
540 1216 650 1281 deberi
673 1217 787 1281 Gallus
812 1218 866 1281 ait.

183 1308 212 1372 9.
246 1305 285 1370 D.
303 1307 361 1391 40,
380 1308 399 1371 7
404 1356 413 1389 ,
433 1306 475 1371 39
490 1328 537 1390 pr.
591 1304 764 1370 Iavolenus
797 1306 883 1371 libro
917 1311 1036 1390 quarto
1069 1328 1107 1370 ex

93 1395 327 1478 posterioribus
355 1393 518 1459 Labeonis
546 1390 596 1480 (P.
617 1390 706 1480 196).
753 1392 915 1460 ‘Stichum
941 1385 1038 1460 Attio
1067 1395 1107 1460 do

95 1484 169 1568 lego
189 1486 230 1568 et,
249 1484 277 1548 si
295 1484 324 1547 is
343 1484 373 1547 ei
390 1500 541 1547 nummos
560 1486 689 1548 centum
708 1483 840 1566 dederit,
857 1483 941 1548 liber
959 1484 1063 1549 esto'.
1078 1534 1106 1549 ..

94 1593 167 1635 eum
183 1621 190 1637 .
205 1622 212 1636 .
227 1623 235 1637 .
249 1572 479 1636 statuliberum
497 1593 567 1636 esse
581 1570 618 1648 Q.
632 1571 767 1656 Mucius,
786 1571 920 1638 Gallus.
935 1622 942 1637 .
957 1622 965 1638 .
978 1576 1107 1657 putant,

96 1660 227 1726 Servius
250 1659 365 1726 Ofilius
388 1682 453 1725 non
476 1682 546 1725 esse

185 1750 235 1814 10.
259 1748 297 1814 D.
312 1751 341 1832 8,
356 1742 386 1832 5,
401 1750 421 1814 6
439 1751 503 1828 §2
538 1748 698 1833 Ulpianus
718 1749 801 1814 libro
822 1750 960 1833 septimo
980 1750 1105 1815 decimo

95 1839 135 1903 ad
159 1838 297 1903 edictum
318 1837 366 1924 (P.
385 1837 475 1924 598).
516 1837 628 1902 Etiam
652 1838 691 1902 de
710 1841 875 1923 servitute,
898 1860 980 1923 quae
1000 1839 1106 1903 oneris

94 1927 218 1992 ferendi
246 1948 344 1992 causa
368 1929 522 2011 imposita
545 1927 618 2009 erit,
646 1927 732 1992 actio
755 1927 850 1992 nobis
874 1927 1044 2012 competit,
1072 1931 1108 1991 ut

96 2020 130 2080 et
152 2037 251 2081 onera
270 2015 356 2081 ferat
375 2019 407 2080 et
427 2016 573 2080 aedificia
592 2016 717 2081 reficiat
734 2016 774 2080 ad
795 2038 867 2080 eum
886 2016 1029 2100 modum,
1053 2016 1107 2101 qui

19 2117 21 2122 '
97 2107 251 2170 servitute
274 2105 428 2188 imposita
451 2105 703 2187 comprehensus
728 2108 785 2169 est.
827 2110 859 2169 et
878 2103 991 2170 Gallus
1013 2111 1108 2189 putat

96 2216 160 2260 non
179 2215 275 2278 posse
294 2196 341 2258 ita
359 2193 548 2258 servitutem
567 2194 699 2276 imponi,
718 2196 755 2257 ut
775 2195 846 2278 quis
864 2193 971 2258 facere
986 2194 1107 2279 aliquid

95 2286 277 2368 cogeretur,
301 2281 420 2346 sedne
444 2303 495 2345 me
517 2282 623 2345 facere
647 2283 840 2365 prohiberet.

185 2372 236 2436 11.
267 2369 381 2451 D.19,
405 2370 496 2452 1,17
521 2371 540 2449 ἓ
560 2370 591 2434 6.
637 2369 797 2455 Ulpianus
825 2368 910 2437 libro
935 2371 1106 2455 trigesimo

95 2459 234 2523 secundo
264 2457 306 2522 ad
334 2458 473 2522 edictum
498 2455 545 2543 (P.
565 2457 671 2546 938⁰).
718 2457 753 2524 Si
781 2463 855 2524 ruta
883 2462 916 2524 et
939 2482 1033 2524 caesa
1056 2483 1108 2526 ex-

95 2546 256 2630 cipiantur
288 2546 321 2610 in
353 2546 550 2630 venditione,
583 2569 620 2612 ea
651 2548 776 2632 placuit
805 2570 876 2613 esse
903 2552 992 2633 ruta,
1024 2570 1107 2634 quae

95 2638 187 2700 eruta
211 2640 295 2718 sunt,
319 2639 356 2699 ut
380 2635 509 2716 harena,
535 2640 623 2701 creta
646 2641 678 2701 et
701 2637 833 2703 similia:
857 2660 951 2702 caesa
970 2659 1009 2702 ea
1027 2660 1107 2722 esse,

94 2727 132 2787 ut
155 2724 287 2788 arbores
311 2746 423 2789 caesas
447 2729 480 2790 et
503 2727 661 2791 carbones
685 2731 718 2791 et
742 2724 793 2790 his
817 2724 946 2792 similia.
990 2722 1106 2792 Gallus

95 2816 204 2876 autem
228 2812 400 2897 Aquillius,
423 2815 513 2879 ouius
536 2814 623 2878 Mela
645 2815 745 2879 refert
768 2815 964 2899 opinionem,
1061 2817 1109 2880 ait

93 2900 218 2965 frustra
239 2901 274 2965 in
297 2902 368 2986 lege
391 2903 587 2968 venditionis
609 2903 648 2967 de
672 2905 753 2968 rutis
776 2909 809 2969 et
828 2904 929 2969 caesis
948 2904 1108 2969 contineri

95 2992 117 3072 [,
137 2990 221 3074 quia,
240 2991 352 3055 sinon
372 2991 556 3074 specialiter
574 2991 754 3077 venierunt,
773 2993 812 3057 ad
833 2992 1049 3058 exhibendum
1069 2994 1107 3058 de

93 3079 146 3143 his
169 3080 222 3163 agi
246 3082 377 3162 potest}

186 3169 235 3232 12.
262 3167 299 3231 D.
314 3170 367 3252 43,
381 3169 434 3253 24,
449 3171 477 3248 7,
492 3170 522 3233 4.
563 3167 721 3252 Ulpianus
741 3170 825 3234 libro
845 3171 1107 3254 septuagensimo

94 3257 199 3341 primo
224 3257 264 3320 ad
288 3258 426 3322 edictum
451 3256 499 3343 (P.
521 3257 630 3341 1594).
671 3258 771 3342 (apud
794 3257 957 3337 Iulianum
981 3260 1106 3344 quaeri·

94 3354 156 3427 tur,
180 3368 221 3410 an
244 3347 323 3411 haec
348 3349 492 3429 exceptio
515 3353 631 3411 noceat
654 3349 688 3412 in
712 3348 773 3412 hoc
795 3347 982 3414 interdicto:
1008 3347 1107 3433 ‘quod

94 3455 159 3499 non
191 3439 228 3499 tu
260 3435 293 3499 vi
321 3440 377 3499 aut
405 3438 488 3500 olam
515 3434 669 3519 feceris'.)
720 3441 769 3501 est
798 3442 830 3501 et
857 3437 923 3501 alia
951 3440 1108 3523 exceptio,

92 3522 134 3585 de
160 3545 225 3604 qua
254 3522 367 3588 Celsus
397 3524 539 3610 dubitat,
566 3546 608 3587 an
637 3527 681 3589 sit
705 3525 887 3590 obicienda:
915 3531 1055 3611 utputa
1079 3531 1107 3591 si
