<?xml version="1.0" encoding="UTF-8"?>
<!DOCTYPE html PUBLIC "-//W3C//DTD XHTML 1.0 Transitional//EN"
    "http://www.w3.org/TR/xhtml1/DTD/xhtml1-transitional.dtd">
<html xmlns="http://www.w3.org/1999/xhtml" xml:lang="en" lang="en">
 <head>
  <title>
</title>
<meta http-equiv="Content-Type" content="text/html;charset=utf-8" />
  <meta name='ocr-system' content='tesseract 3.04.00' />
  <meta name='ocr-capabilities' content='ocr_page ocr_carea ocr_par ocr_line ocrx_word'/>
</head>
<body>
  <div class='ocr_page' id='page_1' title='image "./iurisprudentiae00bremgoog_0432.png"; bbox 0 0 2422 3840; ppageno 0'>
   <div class='ocr_carea' id='block_1_1' title="bbox 386 172 1111 250">
    <p class='ocr_par' dir='ltr' id='par_1_1' title="bbox 386 172 1111 250">
     <span class='ocr_line' id='line_1_1' title="bbox 386 172 1111 250; baseline 0.014 -22"><span class='ocrx_word' id='word_1_1' title='bbox 386 178 417 250; x_wconf 82' lang='lat' dir='ltr'>b.</span> <span class='ocrx_word' id='word_1_2' title='bbox 436 173 465 230; x_wconf 84' lang='lat'>0.</span> <span class='ocrx_word' id='word_1_3' title='bbox 480 173 688 229; x_wconf 79' lang='lat' dir='ltr'><strong>TREBATIUS</strong></span> <span class='ocrx_word' id='word_1_4' title='bbox 707 172 824 228; x_wconf 84' lang='lat' dir='ltr'>TESTA</span> <span class='ocrx_word' id='word_1_5' title='bbox 1046 172 1111 238; x_wconf 87' lang='grc'>419</span> 
     </span>
    </p>
   </div>
   <div class='ocr_carea' id='block_1_2' title="bbox 96 336 1113 689">
    <p class='ocr_par' dir='ltr' id='par_1_2' title="bbox 96 336 1113 689">
     <span class='ocr_line' id='line_1_2' title="bbox 96 336 1113 422; baseline 0 -20"><span class='ocrx_word' id='word_1_6' title='bbox 96 338 145 402; x_wconf 84' lang='lat' dir='ltr'>rei</span> <span class='ocrx_word' id='word_1_7' title='bbox 173 337 296 402; x_wconf 85' lang='lat' dir='ltr'>furtum</span> <span class='ocrx_word' id='word_1_8' title='bbox 323 336 422 402; x_wconf 86' lang='lat' dir='ltr'>faciat</span> <span class='ocrx_word' id='word_1_9' title='bbox 450 359 492 402; x_wconf 90' lang='lat' dir='ltr'>an</span> <span class='ocrx_word' id='word_1_10' title='bbox 514 358 589 402; x_wconf 84' lang='lat' dir='ltr'>vero</span> <span class='ocrx_word' id='word_1_11' title='bbox 614 337 683 401; x_wconf 89' lang='lat' dir='ltr'>eius</span> <span class='ocrx_word' id='word_1_12' title='bbox 706 339 834 402; x_wconf 90' lang='lat' dir='ltr'>tantum</span> <span class='ocrx_word' id='word_1_13' title='bbox 858 336 944 422; x_wconf 95' lang='lat' dir='ltr'>quod</span> <span class='ocrx_word' id='word_1_14' title='bbox 967 336 1113 402; x_wconf 87' lang='lat' dir='ltr'>abstulit.</span> 
     </span>
     <span class='ocr_line' id='line_1_3' title="bbox 98 425 1111 511; baseline 0 -20"><span class='ocrx_word' id='word_1_15' title='bbox 98 426 215 491; x_wconf 88' lang='lat' dir='ltr'>Ofilius</span> <span class='ocrx_word' id='word_1_16' title='bbox 248 426 349 492; x_wconf 82' lang='lat' dir='ltr'>totius</span> <span class='ocrx_word' id='word_1_17' title='bbox 382 427 487 491; x_wconf 83' lang='lat' dir='ltr'>acervi</span> <span class='ocrx_word' id='word_1_18' title='bbox 518 425 623 490; x_wconf 83' lang='lat' dir='ltr'>furam</span> <span class='ocrx_word' id='word_1_19' title='bbox 656 447 725 490; x_wconf 90' lang='lat' dir='ltr'>esse</span> <span class='ocrx_word' id='word_1_20' title='bbox 754 429 862 509; x_wconf 84' lang='lat' dir='ltr'>putat:</span> <span class='ocrx_word' id='word_1_21' title='bbox 893 447 969 490; x_wconf 87' lang='lat' dir='ltr'>nam</span> <span class='ocrx_word' id='word_1_22' title='bbox 997 431 1030 489; x_wconf 88' lang='lat' dir='ltr'>et</span> <span class='ocrx_word' id='word_1_23' title='bbox 1057 427 1111 511; x_wconf 89' lang='lat' dir='ltr'>qui</span> 
     </span>
     <span class='ocr_line' id='line_1_4' title="bbox 100 514 1111 600; baseline -0.001 -20"><span class='ocrx_word' id='word_1_24' title='bbox 100 537 210 580; x_wconf 86' lang='lat' dir='ltr'>aurem</span> <span class='ocrx_word' id='word_1_25' title='bbox 243 515 378 580; x_wconf 86' lang='lat' dir='ltr'>alicuius</span> <span class='ocrx_word' id='word_1_26' title='bbox 411 514 535 600; x_wconf 84' lang='lat' dir='ltr'>tetigit,</span> <span class='ocrx_word' id='word_1_27' title='bbox 566 514 672 598; x_wconf 91' lang='lat' dir='ltr'>inquit</span> <span class='ocrx_word' id='word_1_28' title='bbox 702 514 874 580; x_wconf 75' lang='lat' dir='ltr'><strong>Trebatius</strong></span> <span class='ocrx_word' id='word_1_29' title='bbox 903 517 1010 579; x_wconf 90' lang='lat' dir='ltr'>totum</span> <span class='ocrx_word' id='word_1_30' title='bbox 1037 536 1111 579; x_wconf 92' lang='lat' dir='ltr'>eum</span> 
     </span>
     <span class='ocr_line' id='line_1_5' title="bbox 96 604 380 689; baseline -0.004 -19"><span class='ocrx_word' id='word_1_31' title='bbox 96 604 201 670; x_wconf 83' lang='lat' dir='ltr'>videri</span> <span class='ocrx_word' id='word_1_32' title='bbox 224 604 380 689; x_wconf 83' lang='lat' dir='ltr'>tetigisse.</span> 
     </span>
    </p>
   </div>
   <div class='ocr_carea' id='block_1_3' title="bbox 368 796 839 868">
    <p class='ocr_par' dir='ltr' id='par_1_3' title="bbox 368 796 839 868">
     <span class='ocr_line' id='line_1_6' title="bbox 368 796 839 868; baseline -0.006 -13"><span class='ocrx_word' id='word_1_33' title='bbox 368 797 415 855; x_wconf 86' lang='lat' dir='ltr'>Do</span> <span class='ocrx_word' id='word_1_34' title='bbox 438 797 591 855; x_wconf 75' lang='lat' dir='ltr'><em>arboribus</em></span> <span class='ocrx_word' id='word_1_35' title='bbox 613 796 717 868; x_wconf 76' lang='lat' dir='ltr'>furtim</span> <span class='ocrx_word' id='word_1_36' title='bbox 739 796 839 854; x_wconf 76' lang='lat' dir='ltr'>coecis.</span> 
     </span>
    </p>
   </div>
   <div class='ocr_carea' id='block_1_4' title="bbox 95 911 1110 1442">
    <p class='ocr_par' dir='ltr' id='par_1_4' title="bbox 95 911 1110 1442">
     <span class='ocr_line' id='line_1_7' title="bbox 188 911 1110 1001; baseline 0 -23"><span class='ocrx_word' id='word_1_37' title='bbox 188 914 240 979; x_wconf 89' lang='lat'>50.</span> <span class='ocrx_word' id='word_1_38' title='bbox 267 913 307 978; x_wconf 89' lang='lat' dir='ltr'>D.</span> <span class='ocrx_word' id='word_1_39' title='bbox 326 914 385 1001; x_wconf 80' lang='grc'>47,</span> <span class='ocrx_word' id='word_1_40' title='bbox 404 915 438 999; x_wconf 83' lang='grc'>7,</span> <span class='ocrx_word' id='word_1_41' title='bbox 458 915 486 980; x_wconf 93' lang='lat'>1.</span> <span class='ocrx_word' id='word_1_42' title='bbox 522 913 644 978; x_wconf 89' lang='lat' dir='ltr'>Paulus</span> <span class='ocrx_word' id='word_1_43' title='bbox 672 913 756 978; x_wconf 89' lang='lat' dir='ltr'>libro</span> <span class='ocrx_word' id='word_1_44' title='bbox 779 935 866 978; x_wconf 89' lang='lat' dir='ltr'>nono</span> <span class='ocrx_word' id='word_1_45' title='bbox 891 913 931 978; x_wconf 90' lang='lat' dir='ltr'>ad</span> <span class='ocrx_word' id='word_1_46' title='bbox 955 911 1110 978; x_wconf 86' lang='lat' dir='ltr'>Sabinum</span> 
     </span>
     <span class='ocr_line' id='line_1_8' title="bbox 96 1001 1110 1088; baseline -0.001 -21"><span class='ocrx_word' id='word_1_47' title='bbox 96 1001 149 1087; x_wconf 83' lang='lat' dir='ltr'>(P.</span> <span class='ocrx_word' id='word_1_48' title='bbox 170 1002 279 1088; x_wconf 88' lang='lat'>1803).</span> <span class='ocrx_word' id='word_1_49' title='bbox 325 1001 359 1067; x_wconf 86' lang='lat' dir='ltr'>Si</span> <span class='ocrx_word' id='word_1_50' title='bbox 386 1001 501 1067; x_wconf 87' lang='lat' dir='ltr'>furtim</span> <span class='ocrx_word' id='word_1_51' title='bbox 524 1003 655 1068; x_wconf 87' lang='lat' dir='ltr'>arbores</span> <span class='ocrx_word' id='word_1_52' title='bbox 679 1019 791 1068; x_wconf 84' lang='lat' dir='ltr'>caesas</span> <span class='ocrx_word' id='word_1_53' title='bbox 814 1002 894 1084; x_wconf 88' lang='lat' dir='ltr'>sint,</span> <span class='ocrx_word' id='word_1_54' title='bbox 922 1005 954 1066; x_wconf 88' lang='lat' dir='ltr'>et</span> <span class='ocrx_word' id='word_1_55' title='bbox 976 1002 1110 1088; x_wconf 84' lang='lat' dir='ltr'>exlege</span> 
     </span>
     <span class='ocr_line' id='line_1_9' title="bbox 97 1090 1110 1176; baseline 0 -21"><span class='ocrx_word' id='word_1_56' title='bbox 97 1092 230 1176; x_wconf 87' lang='lat' dir='ltr'>Aquilia</span> <span class='ocrx_word' id='word_1_57' title='bbox 258 1095 291 1156; x_wconf 87' lang='lat' dir='ltr'>et</span> <span class='ocrx_word' id='word_1_58' title='bbox 319 1113 359 1155; x_wconf 85' lang='lat' dir='ltr'>ex</span> <span class='ocrx_word' id='word_1_59' title='bbox 386 1090 552 1156; x_wconf 81' lang='lat' dir='ltr'>duodecim</span> <span class='ocrx_word' id='word_1_60' title='bbox 580 1091 765 1155; x_wconf 88' lang='lat' dir='ltr'>tabularum</span> <span class='ocrx_word' id='word_1_61' title='bbox 788 1090 925 1155; x_wconf 86' lang='lat' dir='ltr'>dandam</span> <span class='ocrx_word' id='word_1_62' title='bbox 949 1090 1110 1155; x_wconf 76' lang='lat' dir='ltr'>actionem</span> 
     </span>
     <span class='ocr_line' id='line_1_10' title="bbox 96 1179 1110 1264; baseline 0 -20"><span class='ocrx_word' id='word_1_63' title='bbox 96 1179 206 1245; x_wconf 86' lang='lat' dir='ltr'>Labeo</span> <span class='ocrx_word' id='word_1_64' title='bbox 240 1181 299 1264; x_wconf 85' lang='lat' dir='ltr'>ait3</span> <span class='ocrx_word' id='word_1_65' title='bbox 333 1180 388 1245; x_wconf 88' lang='lat' dir='ltr'>sed</span> <span class='ocrx_word' id='word_1_66' title='bbox 415 1179 586 1246; x_wconf 80' lang='lat' dir='ltr'>Trebatius</span> <span class='ocrx_word' id='word_1_67' title='bbox 619 1181 667 1244; x_wconf 89' lang='lat' dir='ltr'>ita</span> <span class='ocrx_word' id='word_1_68' title='bbox 695 1183 865 1264; x_wconf 86' lang='lat' dir='ltr'>utramque</span> <span class='ocrx_word' id='word_1_69' title='bbox 894 1179 1046 1263; x_wconf 88' lang='lat' dir='ltr'>dandam,</span> <span class='ocrx_word' id='word_1_70' title='bbox 1072 1186 1110 1245; x_wconf 89' lang='lat' dir='ltr'>ut</span> 
     </span>
     <span class='ocr_line' id='line_1_11' title="bbox 95 1268 1110 1354; baseline 0.001 -22"><span class='ocrx_word' id='word_1_71' title='bbox 95 1270 193 1333; x_wconf 88' lang='lat' dir='ltr'>iudex</span> <span class='ocrx_word' id='word_1_72' title='bbox 212 1270 246 1333; x_wconf 91' lang='lat' dir='ltr'>in</span> <span class='ocrx_word' id='word_1_73' title='bbox 265 1269 445 1352; x_wconf 90' lang='lat' dir='ltr'>posteriore</span> <span class='ocrx_word' id='word_1_74' title='bbox 464 1268 600 1333; x_wconf 87' lang='lat' dir='ltr'>deducat</span> <span class='ocrx_word' id='word_1_75' title='bbox 617 1268 649 1332; x_wconf 91' lang='lat' dir='ltr'>id</span> <span class='ocrx_word' id='word_1_76' title='bbox 669 1269 754 1354; x_wconf 91' lang='lat' dir='ltr'>quod</span> <span class='ocrx_word' id='word_1_77' title='bbox 773 1269 930 1353; x_wconf 82' lang='lat' dir='ltr'>&lt;actor?&gt;</span> <span class='ocrx_word' id='word_1_78' title='bbox 948 1290 987 1333; x_wconf 86' lang='lat' dir='ltr'>ex</span> <span class='ocrx_word' id='word_1_79' title='bbox 1004 1269 1110 1352; x_wconf 87' lang='lat' dir='ltr'>prima</span> 
     </span>
     <span class='ocr_line' id='line_1_12' title="bbox 96 1357 783 1442; baseline 0.001 -21"><span class='ocrx_word' id='word_1_80' title='bbox 96 1361 289 1423; x_wconf 88' lang='lat' dir='ltr'>consecutus</span> <span class='ocrx_word' id='word_1_81' title='bbox 313 1358 356 1422; x_wconf 88' lang='lat' dir='ltr'>sit</span> <span class='ocrx_word' id='word_1_82' title='bbox 378 1363 411 1422; x_wconf 86' lang='lat' dir='ltr'>at</span> <span class='ocrx_word' id='word_1_83' title='bbox 433 1357 557 1442; x_wconf 89' lang='lat' dir='ltr'>reliquo</span> <span class='ocrx_word' id='word_1_84' title='bbox 581 1357 783 1423; x_wconf 88' lang='lat' dir='ltr'>condemnet.</span> 
     </span>
    </p>
   </div>
   <div class='ocr_carea' id='block_1_5' title="bbox 95 1471 1109 1999">
    <p class='ocr_par' dir='ltr' id='par_1_5' title="bbox 95 1471 1109 1647">
     <span class='ocr_line' id='line_1_13' title="bbox 186 1471 1109 1558; baseline 0 -22"><span class='ocrx_word' id='word_1_85' title='bbox 186 1478 234 1536; x_wconf 79' lang='lat' dir='ltr'>An</span> <span class='ocrx_word' id='word_1_86' title='bbox 262 1481 395 1537; x_wconf 84' lang='lat' dir='ltr'>extrema</span> <span class='ocrx_word' id='word_1_87' title='bbox 421 1478 514 1537; x_wconf 82' lang='lat' dir='ltr'>verba</span> <span class='ocrx_word' id='word_1_88' title='bbox 537 1477 711 1538; x_wconf 81' lang='lat' dir='ltr'>Triboniani</span> <span class='ocrx_word' id='word_1_89' title='bbox 734 1477 795 1536; x_wconf 90' lang='lat' dir='ltr'>sint</span> <span class='ocrx_word' id='word_1_90' title='bbox 823 1471 950 1558; x_wconf 68' lang='lat' dir='ltr'>(Elisalm</span> <span class='ocrx_word' id='word_1_91' title='bbox 978 1478 1067 1537; x_wconf 88' lang='lat' dir='ltr'>Arch.</span> <span class='ocrx_word' id='word_1_92' title='bbox 1087 1478 1109 1536; x_wconf 84' lang='lat' dir='ltr'>f.</span> 
     </span>
     <span class='ocr_line' id='line_1_14' title="bbox 95 1559 826 1647; baseline -0.001 -22"><span class='ocrx_word' id='word_1_93' title='bbox 95 1566 125 1625; x_wconf 94' lang='lat' dir='ltr'>d.</span> <span class='ocrx_word' id='word_1_94' title='bbox 145 1566 198 1626; x_wconf 84' lang='lat' dir='ltr'>civ.</span> <span class='ocrx_word' id='word_1_95' title='bbox 219 1567 324 1626; x_wconf 85' lang='lat' dir='ltr'>Praxis</span> <span class='ocrx_word' id='word_1_96' title='bbox 344 1566 476 1642; x_wconf 81' lang='lat' dir='ltr'>LXXIX,</span> <span class='ocrx_word' id='word_1_97' title='bbox 492 1568 555 1627; x_wconf 88' lang='grc'>378</span> <span class='ocrx_word' id='word_1_98' title='bbox 579 1585 607 1625; x_wconf 92' lang='lat' dir='ltr'>n.</span> <span class='ocrx_word' id='word_1_99' title='bbox 622 1559 694 1647; x_wconf 91' lang='lat'>40),</span> <span class='ocrx_word' id='word_1_100' title='bbox 717 1565 826 1625; x_wconf 88' lang='lat' dir='ltr'>nescio.</span> 
     </span>
    </p>

    <p class='ocr_par' dir='ltr' id='par_1_6' title="bbox 96 1653 1109 1999">
     <span class='ocr_line' id='line_1_15' title="bbox 187 1653 1109 1733; baseline 0.002 -19"><span class='ocrx_word' id='word_1_101' title='bbox 187 1656 222 1716; x_wconf 89' lang='lat' dir='ltr'>cf.</span> <span class='ocrx_word' id='word_1_102' title='bbox 241 1656 277 1715; x_wconf 94' lang='lat' dir='ltr'>D.</span> <span class='ocrx_word' id='word_1_103' title='bbox 294 1656 345 1729; x_wconf 92' lang='lat'>44,</span> <span class='ocrx_word' id='word_1_104' title='bbox 358 1657 386 1730; x_wconf 83' lang='lat'>7,</span> <span class='ocrx_word' id='word_1_105' title='bbox 402 1657 442 1715; x_wconf 83' lang='lat'>32</span> <span class='ocrx_word' id='word_1_106' title='bbox 466 1655 737 1733; x_wconf 84' lang='lat' dir='ltr'>Hermogenianus:</span> <span class='ocrx_word' id='word_1_107' title='bbox 762 1653 837 1713; x_wconf 85' lang='lat' dir='ltr'>Oum</span> <span class='ocrx_word' id='word_1_108' title='bbox 860 1673 896 1713; x_wconf 89' lang='lat' dir='ltr'>ex</span> <span class='ocrx_word' id='word_1_109' title='bbox 918 1675 979 1716; x_wconf 88' lang='lat' dir='ltr'>uno</span> <span class='ocrx_word' id='word_1_110' title='bbox 1000 1654 1109 1716; x_wconf 88' lang='lat' dir='ltr'>delicto</span> 
     </span>
     <span class='ocr_line' id='line_1_16' title="bbox 97 1743 1108 1820; baseline 0.002 -18"><span class='ocrx_word' id='word_1_111' title='bbox 97 1745 199 1819; x_wconf 82' lang='lat' dir='ltr'>plures</span> <span class='ocrx_word' id='word_1_112' title='bbox 235 1747 401 1803; x_wconf 87' lang='lat' dir='ltr'>nascuntur</span> <span class='ocrx_word' id='word_1_113' title='bbox 437 1743 582 1820; x_wconf 77' lang='lat' dir='ltr'>actiones,</span> <span class='ocrx_word' id='word_1_114' title='bbox 618 1743 697 1803; x_wconf 88' lang='lat' dir='ltr'>sicut</span> <span class='ocrx_word' id='word_1_115' title='bbox 734 1745 845 1815; x_wconf 84' lang='lat' dir='ltr'>evenit,</span> <span class='ocrx_word' id='word_1_116' title='bbox 882 1761 949 1802; x_wconf 90' lang='lat' dir='ltr'>cum</span> <span class='ocrx_word' id='word_1_117' title='bbox 986 1744 1108 1805; x_wconf 83' lang='lat' dir='ltr'>arbores</span> 
     </span>
     <span class='ocr_line' id='line_1_17' title="bbox 96 1831 1109 1909; baseline 0.003 -19"><span class='ocrx_word' id='word_1_118' title='bbox 96 1833 203 1891; x_wconf 81' lang='lat' dir='ltr'>furtim</span> <span class='ocrx_word' id='word_1_119' title='bbox 235 1852 339 1892; x_wconf 89' lang='lat' dir='ltr'>caesae</span> <span class='ocrx_word' id='word_1_120' title='bbox 370 1833 524 1908; x_wconf 90' lang='lat' dir='ltr'>dicuntur,</span> <span class='ocrx_word' id='word_1_121' title='bbox 557 1833 694 1892; x_wconf 88' lang='lat' dir='ltr'>omnibus</span> <span class='ocrx_word' id='word_1_122' title='bbox 722 1831 850 1908; x_wconf 83' lang='lat' dir='ltr'>experiri</span> <span class='ocrx_word' id='word_1_123' title='bbox 877 1832 1012 1906; x_wconf 81' lang='lat' dir='ltr'>permitti</span> <span class='ocrx_word' id='word_1_124' title='bbox 1038 1836 1109 1909; x_wconf 89' lang='lat' dir='ltr'>post</span> 
     </span>
     <span class='ocr_line' id='line_1_18' title="bbox 97 1921 571 1999; baseline 0.002 -20"><span class='ocrx_word' id='word_1_125' title='bbox 97 1941 221 1999; x_wconf 87' lang='lat' dir='ltr'>magnas</span> <span class='ocrx_word' id='word_1_126' title='bbox 244 1922 407 1982; x_wconf 79' lang='lat' dir='ltr'>varietates</span> <span class='ocrx_word' id='word_1_127' title='bbox 431 1921 571 1997; x_wconf 89' lang='lat' dir='ltr'>optinuit.</span> 
     </span>
    </p>
   </div>
   <div class='ocr_carea' id='block_1_6' title="bbox 95 2099 1116 2745">
    <p class='ocr_par' dir='ltr' id='par_1_7' title="bbox 504 2099 700 2159">
     <span class='ocr_line' id='line_1_19' title="bbox 504 2099 700 2159; baseline 0 -3"><span class='ocrx_word' id='word_1_128' title='bbox 504 2099 551 2157; x_wconf 86' lang='lat' dir='ltr'>De</span> <span class='ocrx_word' id='word_1_129' title='bbox 573 2100 700 2159; x_wconf 78' lang='lat' dir='ltr'>iniuriis.</span> 
     </span>
    </p>

    <p class='ocr_par' dir='ltr' id='par_1_8' title="bbox 95 2215 1116 2745">
     <span class='ocr_line' id='line_1_20' title="bbox 186 2215 1109 2303; baseline 0 -23"><span class='ocrx_word' id='word_1_130' title='bbox 186 2217 238 2283; x_wconf 84' lang='lat'>51.</span> <span class='ocrx_word' id='word_1_131' title='bbox 265 2217 305 2282; x_wconf 90' lang='lat' dir='ltr'>D.</span> <span class='ocrx_word' id='word_1_132' title='bbox 323 2219 376 2300; x_wconf 85' lang='grc'>47,</span> <span class='ocrx_word' id='word_1_133' title='bbox 397 2218 566 2303; x_wconf 78' lang='lat'>10,17,2.</span> <span class='ocrx_word' id='word_1_134' title='bbox 603 2216 763 2301; x_wconf 79' lang='lat' dir='ltr'>Ulpianus</span> <span class='ocrx_word' id='word_1_135' title='bbox 786 2216 870 2281; x_wconf 91' lang='lat' dir='ltr'>libro</span> <span class='ocrx_word' id='word_1_136' title='bbox 890 2215 1109 2300; x_wconf 84' lang='lat' dir='ltr'>quinquagen-</span> 
     </span>
     <span class='ocr_line' id='line_1_21' title="bbox 97 2302 1108 2393; baseline 0.004 -27"><span class='ocrx_word' id='word_1_137' title='bbox 97 2304 180 2367; x_wconf 88' lang='lat' dir='ltr'>simo</span> <span class='ocrx_word' id='word_1_138' title='bbox 213 2307 351 2389; x_wconf 88' lang='lat' dir='ltr'>septimo</span> <span class='ocrx_word' id='word_1_139' title='bbox 384 2307 424 2372; x_wconf 91' lang='lat' dir='ltr'>ad</span> <span class='ocrx_word' id='word_1_140' title='bbox 455 2307 595 2370; x_wconf 85' lang='lat' dir='ltr'>edictum</span> <span class='ocrx_word' id='word_1_141' title='bbox 629 2305 677 2392; x_wconf 87' lang='lat' dir='ltr'>(P.</span> <span class='ocrx_word' id='word_1_142' title='bbox 698 2302 823 2393; x_wconf 57' lang='lat' dir='ltr'>rauel).</span> <span class='ocrx_word' id='word_1_143' title='bbox 873 2303 989 2369; x_wconf 80' lang='lat' dir='ltr'>Servus</span> <span class='ocrx_word' id='word_1_144' title='bbox 1017 2326 1108 2370; x_wconf 92' lang='lat' dir='ltr'>meus</span> 
     </span>
     <span class='ocr_line' id='line_1_22' title="bbox 96 2393 1108 2478; baseline 0.002 -22"><span class='ocrx_word' id='word_1_145' title='bbox 96 2414 196 2475; x_wconf 90' lang='lat' dir='ltr'>opera</span> <span class='ocrx_word' id='word_1_146' title='bbox 215 2394 266 2457; x_wconf 89' lang='lat' dir='ltr'>vel</span> <span class='ocrx_word' id='word_1_147' title='bbox 286 2395 429 2477; x_wconf 88' lang='lat' dir='ltr'>querella</span> <span class='ocrx_word' id='word_1_148' title='bbox 447 2404 503 2460; x_wconf 86' lang='lat' dir='ltr'>tua</span> <span class='ocrx_word' id='word_1_149' title='bbox 517 2396 655 2478; x_wconf 87' lang='lat' dir='ltr'>flagellis</span> <span class='ocrx_word' id='word_1_150' title='bbox 674 2417 786 2460; x_wconf 85' lang='lat' dir='ltr'>caesus</span> <span class='ocrx_word' id='word_1_151' title='bbox 806 2397 856 2459; x_wconf 86' lang='lat' dir='ltr'>cst</span> <span class='ocrx_word' id='word_1_152' title='bbox 874 2416 893 2458; x_wconf 90' lang='lat' dir='ltr'>a</span> <span class='ocrx_word' id='word_1_153' title='bbox 914 2393 1108 2478; x_wconf 80' lang='lat' dir='ltr'>magistratu</span> 
     </span>
     <span class='ocr_line' id='line_1_23' title="bbox 98 2481 1106 2568; baseline 0.003 -24"><span class='ocrx_word' id='word_1_154' title='bbox 98 2484 221 2546; x_wconf 87' lang='lat' dir='ltr'>nostro.</span> <span class='ocrx_word' id='word_1_155' title='bbox 263 2481 349 2546; x_wconf 87' lang='lat' dir='ltr'>Mela</span> <span class='ocrx_word' id='word_1_156' title='bbox 371 2488 466 2568; x_wconf 82' lang='lat' dir='ltr'>putat</span> <span class='ocrx_word' id='word_1_157' title='bbox 489 2485 627 2548; x_wconf 88' lang='lat' dir='ltr'>dandam</span> <span class='ocrx_word' id='word_1_158' title='bbox 647 2484 727 2548; x_wconf 88' lang='lat' dir='ltr'>mihi</span> <span class='ocrx_word' id='word_1_159' title='bbox 745 2482 934 2548; x_wconf 87' lang='lat' dir='ltr'>iniuriarum</span> <span class='ocrx_word' id='word_1_160' title='bbox 954 2483 1106 2548; x_wconf 82' lang='lat' dir='ltr'>adversus</span> 
     </span>
     <span class='ocr_line' id='line_1_24' title="bbox 96 2570 1116 2657; baseline 0.001 -24"><span class='ocrx_word' id='word_1_161' title='bbox 96 2578 144 2651; x_wconf 84' lang='lat' dir='ltr'>te,</span> <span class='ocrx_word' id='word_1_162' title='bbox 167 2571 202 2634; x_wconf 92' lang='lat' dir='ltr'>in</span> <span class='ocrx_word' id='word_1_163' title='bbox 226 2576 381 2654; x_wconf 86' lang='lat' dir='ltr'>quantum</span> <span class='ocrx_word' id='word_1_164' title='bbox 405 2572 445 2637; x_wconf 93' lang='lat' dir='ltr'>ob</span> <span class='ocrx_word' id='word_1_165' title='bbox 470 2594 540 2637; x_wconf 87' lang='lat' dir='ltr'>earn</span> <span class='ocrx_word' id='word_1_166' title='bbox 564 2594 632 2637; x_wconf 92' lang='lat' dir='ltr'>rem</span> <span class='ocrx_word' id='word_1_167' title='bbox 656 2594 794 2657; x_wconf 91' lang='lat' dir='ltr'>aequum</span> <span class='ocrx_word' id='word_1_168' title='bbox 816 2571 914 2636; x_wconf 89' lang='lat' dir='ltr'>iudici</span> <span class='ocrx_word' id='word_1_169' title='bbox 936 2570 1116 2655; x_wconf 86' lang='lat' dir='ltr'>videbitur,</span> 
     </span>
     <span class='ocr_line' id='line_1_25' title="bbox 95 2660 1107 2745; baseline 0.002 -23"><span class='ocrx_word' id='word_1_170' title='bbox 95 2663 142 2741; x_wconf 92' lang='lat' dir='ltr'>et,</span> <span class='ocrx_word' id='word_1_171' title='bbox 176 2660 203 2723; x_wconf 90' lang='lat' dir='ltr'>si</span> <span class='ocrx_word' id='word_1_172' title='bbox 236 2681 347 2723; x_wconf 84' lang='lat' dir='ltr'>servus</span> <span class='ocrx_word' id='word_1_173' title='bbox 376 2661 562 2745; x_wconf 87' lang='lat' dir='ltr'>decesserit,</span> <span class='ocrx_word' id='word_1_174' title='bbox 595 2661 760 2725; x_wconf 91' lang='lat' dir='ltr'>dominum</span> <span class='ocrx_word' id='word_1_175' title='bbox 793 2661 860 2726; x_wconf 89' lang='lat' dir='ltr'>eius</span> <span class='ocrx_word' id='word_1_176' title='bbox 888 2681 984 2745; x_wconf 81' lang='lat' dir='ltr'>agere</span> <span class='ocrx_word' id='word_1_177' title='bbox 1011 2681 1107 2744; x_wconf 86' lang='lat' dir='ltr'>posse</span> 
     </span>
    </p>
   </div>
   <div class='ocr_carea' id='block_1_7' title="bbox 94 2747 1106 2923">
    <p class='ocr_par' dir='ltr' id='par_1_9' title="bbox 94 2747 1106 2923">
     <span class='ocr_line' id='line_1_26' title="bbox 95 2747 1106 2834; baseline 0 -23"><span class='ocrx_word' id='word_1_178' title='bbox 95 2747 205 2813; x_wconf 84' lang='lat' dir='ltr'>Labeo</span> <span class='ocrx_word' id='word_1_179' title='bbox 230 2748 286 2829; x_wconf 90' lang='lat' dir='ltr'>ait,</span> <span class='ocrx_word' id='word_1_180' title='bbox 309 2748 445 2832; x_wconf 90' lang='lat' dir='ltr'>quiade</span> <span class='ocrx_word' id='word_1_181' title='bbox 468 2751 599 2831; x_wconf 87' lang='lat' dir='ltr'>damno,</span> <span class='ocrx_word' id='word_1_182' title='bbox 623 2749 708 2834; x_wconf 93' lang='lat' dir='ltr'>quod</span> <span class='ocrx_word' id='word_1_183' title='bbox 730 2771 788 2834; x_wconf 90' lang='lat' dir='ltr'>per</span> <span class='ocrx_word' id='word_1_184' title='bbox 810 2749 961 2814; x_wconf 89' lang='lat' dir='ltr'>iniuriam</span> <span class='ocrx_word' id='word_1_185' title='bbox 983 2749 1106 2814; x_wconf 87' lang='lat' dir='ltr'>factum</span> 
     </span>
     <span class='ocr_line' id='line_1_27' title="bbox 94 2837 780 2923; baseline 0 -22"><span class='ocrx_word' id='word_1_186' title='bbox 94 2841 159 2920; x_wconf 84' lang='lat' dir='ltr'>est,</span> <span class='ocrx_word' id='word_1_187' title='bbox 183 2839 307 2923; x_wconf 84' lang='lat' dir='ltr'>agatur.</span> <span class='ocrx_word' id='word_1_188' title='bbox 348 2840 381 2901; x_wconf 92' lang='lat' dir='ltr'>et</span> <span class='ocrx_word' id='word_1_189' title='bbox 403 2837 450 2902; x_wconf 87' lang='lat' dir='ltr'>ita</span> <span class='ocrx_word' id='word_1_190' title='bbox 472 2837 624 2904; x_wconf 83' lang='lat' dir='ltr'>Trebatio</span> <span class='ocrx_word' id='word_1_191' title='bbox 647 2839 780 2922; x_wconf 86' lang='lat' dir='ltr'>placuit.</span> 
     </span>
    </p>
   </div>
   <div class='ocr_carea' id='block_1_8' title="bbox 94 2952 1107 3212">
    <p class='ocr_par' dir='ltr' id='par_1_10' title="bbox 94 2952 1107 3212">
     <span class='ocr_line' id='line_1_28' title="bbox 184 2952 1104 3034; baseline -0.001 -17"><span class='ocrx_word' id='word_1_192' title='bbox 184 2959 220 3017; x_wconf 88' lang='lat' dir='ltr'>of.</span> <span class='ocrx_word' id='word_1_193' title='bbox 241 2956 304 3016; x_wconf 80' lang='lat' dir='ltr'>Gai.</span> <span class='ocrx_word' id='word_1_194' title='bbox 320 2958 349 3033; x_wconf 88' lang='lat'>3,</span> <span class='ocrx_word' id='word_1_195' title='bbox 361 2959 437 3016; x_wconf 79' lang='lat'>224:</span> <span class='ocrx_word' id='word_1_196' title='bbox 461 2952 660 3034; x_wconf 78' lang='lat' dir='ltr'>‘permittitur</span> <span class='ocrx_word' id='word_1_197' title='bbox 678 3005 684 3018; x_wconf 97' lang='lat'>.</span> <span class='ocrx_word' id='word_1_198' title='bbox 700 3004 706 3017; x_wconf 92' lang='lat'>.</span> <span class='ocrx_word' id='word_1_199' title='bbox 725 2959 811 3017; x_wconf 88' lang='lat' dir='ltr'>nobis</span> <span class='ocrx_word' id='word_1_200' title='bbox 835 2977 853 3017; x_wconf 89' lang='lat' dir='ltr'>a</span> <span class='ocrx_word' id='word_1_201' title='bbox 875 2960 1013 3034; x_wconf 81' lang='lat' dir='ltr'>praetore</span> <span class='ocrx_word' id='word_1_202' title='bbox 1032 2956 1104 3032; x_wconf 89' lang='lat' dir='ltr'>ipsis</span> 
     </span>
     <span class='ocr_line' id='line_1_29' title="bbox 94 3045 1107 3122; baseline -0.001 -18"><span class='ocrx_word' id='word_1_203' title='bbox 94 3046 237 3106; x_wconf 87' lang='lat' dir='ltr'>iniuriam</span> <span class='ocrx_word' id='word_1_204' title='bbox 264 3045 422 3104; x_wconf 88' lang='lat' dir='ltr'>aestimare</span> <span class='ocrx_word' id='word_1_205' title='bbox 451 3050 482 3105; x_wconf 86' lang='lat' dir='ltr'>et</span> <span class='ocrx_word' id='word_1_206' title='bbox 509 3047 598 3106; x_wconf 85' lang='lat' dir='ltr'>iudex</span> <span class='ocrx_word' id='word_1_207' title='bbox 624 3047 674 3107; x_wconf 81' lang='lat' dir='ltr'>uel</span> <span class='ocrx_word' id='word_1_208' title='bbox 698 3047 778 3106; x_wconf 82' lang='lat' dir='ltr'>tanti</span> <span class='ocrx_word' id='word_1_209' title='bbox 801 3047 976 3107; x_wconf 87' lang='lat' dir='ltr'>condemnat</span> <span class='ocrx_word' id='word_1_210' title='bbox 1000 3045 1107 3122; x_wconf 89' lang='lat' dir='ltr'>quanti</span> 
     </span>
     <span class='ocr_line' id='line_1_30' title="bbox 94 3128 1107 3212; baseline 0 -19"><span class='ocrx_word' id='word_1_211' title='bbox 94 3153 149 3194; x_wconf 91' lang='lat' dir='ltr'>nos</span> <span class='ocrx_word' id='word_1_212' title='bbox 177 3134 436 3195; x_wconf 85' lang='lat' dir='ltr'>aestimaverimus</span> <span class='ocrx_word' id='word_1_213' title='bbox 462 3136 512 3194; x_wconf 82' lang='lat' dir='ltr'>val</span> <span class='ocrx_word' id='word_1_214' title='bbox 539 3135 675 3208; x_wconf 86' lang='lat' dir='ltr'>minoris,</span> <span class='ocrx_word' id='word_1_215' title='bbox 702 3137 794 3212; x_wconf 85' lang='lat' dir='ltr'>prout</span> <span class='ocrx_word' id='word_1_216' title='bbox 819 3135 847 3193; x_wconf 84' lang='lat' dir='ltr'>ei</span> <span class='ocrx_word' id='word_1_217' title='bbox 870 3134 969 3194; x_wconf 85' lang='lat' dir='ltr'>visum</span> <span class='ocrx_word' id='word_1_218' title='bbox 991 3128 1107 3194; x_wconf 86' lang='lat' dir='ltr'>fuerit&#39;.</span> 
     </span>
    </p>
   </div>
   <div class='ocr_carea' id='block_1_9' title="bbox 478 3321 719 3381">
    <p class='ocr_par' dir='ltr' id='par_1_11' title="bbox 478 3321 719 3381">
     <span class='ocr_line' id='line_1_31' title="bbox 478 3321 719 3381; baseline 0.009 -2"><span class='ocrx_word' id='word_1_219' title='bbox 478 3321 526 3380; x_wconf 90' lang='lat' dir='ltr'>De</span> <span class='ocrx_word' id='word_1_220' title='bbox 548 3321 611 3381; x_wconf 83' lang='lat' dir='ltr'>dolo</span> <span class='ocrx_word' id='word_1_221' title='bbox 633 3322 719 3381; x_wconf 77' lang='lat' dir='ltr'>mola</span> 
     </span>
    </p>
   </div>
   <div class='ocr_carea' id='block_1_10' title="bbox 177 3421 1164 3528">
    <p class='ocr_par' dir='ltr' id='par_1_12' title="bbox 177 3421 1164 3528">
     <span class='ocr_line' id='line_1_32' title="bbox 177 3421 1164 3528; baseline -0.018 -26"><span class='ocrx_word' id='word_1_222' title='bbox 177 3441 228 3503; x_wconf 79' lang='lat'>52</span> <span class='ocrx_word' id='word_1_223' title='bbox 260 3440 299 3504; x_wconf 90' lang='lat' dir='ltr'><em>D</em></span> <span class='ocrx_word' id='word_1_224' title='bbox 323 3441 360 3524; x_wconf 90' lang='lat'>4,</span> <span class='ocrx_word' id='word_1_225' title='bbox 380 3441 416 3526; x_wconf 83' lang='lat'>3,</span> <span class='ocrx_word' id='word_1_226' title='bbox 438 3441 495 3528; x_wconf 88' lang='lat'>18,</span> <span class='ocrx_word' id='word_1_227' title='bbox 514 3443 545 3513; x_wconf 88' lang='lat'>4.</span> <span class='ocrx_word' id='word_1_228' title='bbox 591 3442 726 3512; x_wconf 84' lang='lat' dir='ltr'>Paulus</span> <span class='ocrx_word' id='word_1_229' title='bbox 756 3442 856 3508; x_wconf 67' lang='lat' dir='ltr'>l&#39;ints</span> <span class='ocrx_word' id='word_1_230' title='bbox 886 3433 1078 3499; x_wconf 60' lang='lat' dir='ltr'>uncam</span> <span class='ocrx_word' id='word_1_231' title='bbox 1110 3421 1164 3476; x_wconf 49' lang='grc' dir='ltr'>’ὦ</span> 
     </span>
    </p>
   </div>
   <div class='ocr_carea' id='block_1_11' title="bbox 75 3493 1194 3681">
    <p class='ocr_par' dir='ltr' id='par_1_13' title="bbox 75 3493 1194 3681">
     <span class='ocr_line' id='line_1_33' title="bbox 75 3493 1194 3678; baseline 0.01 -95"><span class='ocrx_word' id='word_1_232' title='bbox 75 3523 162 3586; x_wconf 81' lang='lat' dir='ltr'>edite</span> <span class='ocrx_word' id='word_1_233' title='bbox 148 3528 215 3589; x_wconf 80' lang='lat' dir='ltr'>tum</span> <span class='ocrx_word' id='word_1_234' title='bbox 251 3526 300 3614; x_wconf 91' lang='lat' dir='ltr'>(P.</span> <span class='ocrx_word' id='word_1_235' title='bbox 327 3493 424 3624; x_wconf 71' lang='lat' dir='ltr'>aba)</span> <span class='ocrx_word' id='word_1_236' title='bbox 480 3495 573 3608; x_wconf 72' lang='lat' dir='ltr'>llolo</span> <span class='ocrx_word' id='word_1_237' title='bbox 608 3538 711 3609; x_wconf 88' lang='lat' dir='ltr'>euius</span> <span class='ocrx_word' id='word_1_238' title='bbox 750 3520 1034 3678; x_wconf 37' lang='lat' dir='ltr'>edentumwfflba</span> <span class='ocrx_word' id='word_1_239' title='bbox 1060 3510 1111 3564; x_wconf 50' lang='lat' dir='ltr'>ux.</span> <span class='ocrx_word' id='word_1_240' title='bbox 1083 3497 1194 3560; x_wconf 46' lang='lat' dir='ltr'>mas</span> 
     </span>
     <span class='ocr_line' id='line_1_34' title="bbox 902 3620 969 3681; baseline 0 0"><span class='ocrx_word' id='word_1_241' title='bbox 902 3620 969 3681; x_wconf 68' lang='lat'>‘2⁹⁵</span> 
     </span>
    </p>
   </div>
   <div class='ocr_carea' id='block_1_12' title="bbox 0 0 1216 3840">
    <p class='ocr_par' dir='ltr' id='par_1_14' title="bbox 0 0 1216 3840">
     <span class='ocr_line' id='line_1_35' title="bbox 0 0 1216 3840; baseline 0 0"><span class='ocrx_word' id='word_1_242' title='bbox 0 0 1216 3840; x_wconf 95' lang='lat' dir='ltr'> </span> 
     </span>
    </p>
   </div>
  </div>
 </body>
</html>
