2422 3840
93 156 135 220 58
172 155 218 211 IV.
240 154 384 209 SEPTIMI
399 154 497 210 SAEC.
512 153 608 210 IURIS
623 154 795 212 CONSULT.
811 153 936 210 SERIES
952 153 1104 209 ALTERA

353 359 392 418 IL
421 358 574 418 Decreta
596 359 838 434 pontificalia.

181 475 289 554 Verba,
312 493 387 550 quae
408 473 565 551 Ciceronis,
589 493 648 533 non
668 474 759 534 Mucii
779 492 843 533 esse
862 476 996 550 apparet,
1018 473 1102 550 typis

93 563 256 624 minoribus
276 563 350 622 dedi.
389 564 424 621 de
438 583 470 622 re
489 582 517 624 v.
531 563 662 623 Kuebler
681 563 710 622 Z.
726 563 753 622 d.
768 562 961 640 Savigny·St.
975 560 1027 636 XI,
1044 563 1101 638 373

93 652 269 712 Burclrhard
286 652 357 711 ibid.
371 652 422 728 IX,
438 655 511 712 206.
544 652 623 726 quod
642 652 678 710 de
697 652 760 711 iure
779 651 904 711 iurando
924 669 942 709 a
957 649 991 720 Q.
1001 649 1102 710 Mucio

94 745 234 818 concepto
267 741 390 818 dIoitur,
421 741 529 816 adieci,
562 741 711 819 quamvis,
744 760 816 799 num
848 739 939 799 huius
966 738 1024 799 loci
1053 739 1101 817 ait,

93 830 226 890 dubitari
247 830 351 906 possit.

183 952 211 1014 1.
239 947 302 1014 (110.
322 950 360 1012 de
380 949 441 1033 leg.
461 949 490 1032 2,
506 949 557 1031 19,
570 949 623 1013 49.
638 949 691 1013 20.
717 985 754 994 -
781 953 973 1023 Quaeruntur
994 995 1026 1012 ..
1048 947 1102 1030 qui

94 1039 336 1122 adstringantur
373 1037 481 1102 saeris,
534 1038 687 1101 heredum
722 1061 812 1102 eausa
843 1043 1009 1101 iustissima
1043 1047 1101 1117 est,

93 1133 176 1190 nulla
204 1137 250 1191 est
278 1131 356 1191 enim
382 1150 521 1207 persona,
550 1150 626 1207 quae
654 1131 692 1189 ad
719 1131 814 1190 vicem
837 1131 901 1190 eius
925 1131 976 1208 qui
999 1149 1016 1189 e
1037 1131 1102 1190 vita

93 1221 248 1298 migravit,
284 1220 407 1296 propius
444 1220 573 1280 accedat.
629 1214 741 1278 deinde
778 1215 833 1298 qui
868 1218 971 1278 morte
1004 1216 1102 1278 testa·

93 1312 242 1369 mentone
261 1305 328 1367 eius
347 1304 538 1367 tantundem
557 1304 674 1388 capiat,
698 1310 854 1387 quantum
878 1324 988 1367 omues
1013 1302 1100 1366 here·

94 1394 158 1456 des.
208 1398 238 1455 id
271 1417 390 1473 quoque
423 1397 539 1474 ordine,
571 1400 618 1456 est
650 1397 729 1455 enim
759 1397 797 1456 ad
830 1397 860 1455 id
888 1395 966 1474 quod
993 1415 1101 1472 propo-

94 1487 187 1555 situm
219 1490 279 1562 est,
311 1487 575 1547 accommodatum.
625 1481 723 1544 tertio
755 1481 839 1558 loco,
872 1479 900 1543 si
932 1501 1027 1544 nemo
1059 1480 1102 1544 sit

93 1570 197 1650 heres,
220 1570 247 1632 is
272 1569 326 1653 qui
345 1570 492 1634 debonis
515 1591 595 1653 quae
615 1570 683 1632 eius
702 1569 821 1633 fuerint
840 1590 937 1652 quom
957 1568 1101 1649 moritur,

93 1680 154 1722 usu
174 1659 294 1740 ceperit
316 1658 488 1741 plurimum
507 1657 710 1743 possidendo.
746 1662 870 1742 quarto,
889 1656 1030 1722 sinemo
1050 1656 1102 1735 sit,

95 1747 149 1830 qui
172 1747 272 1810 ullam
296 1768 362 1809 rem
386 1747 516 1832 ceperit,
538 1747 576 1810 de
601 1745 813 1812 creditoribus
837 1747 905 1809 eius
930 1746 984 1830 qui
1003 1747 1101 1830 pluri-

95 1857 182 1899 mum
202 1840 315 1900 servet.
354 1842 493 1900 extrema
511 1837 567 1899 illa
585 1858 725 1919 persona
744 1841 802 1917 est,
821 1839 858 1898 ut
877 1836 903 1898 si
923 1835 978 1918 qui
998 1837 1027 1898 ei
1046 1833 1101 1919 qui

94 1928 239 1988 mortuus
260 1925 310 2001 sit,
331 1926 497 2007 pecuniam
516 1924 661 1989 debuerit
675 1924 858 2007 neminique
874 1945 944 1988 eam
960 1924 1101 2006 solverit,

93 2014 226 2097 proinde
254 2013 413 2077 habeatur
440 2015 531 2097 quasi
559 2035 629 2077 eam
657 2013 824 2095 pecuniam
853 2011 982 2094 ceperit.
1028 2019 1101 2076 haec

93 2127 146 2166 nos
170 2127 188 2166 a
212 2108 356 2167 Scaevola
378 2107 549 2181 didicimus,
576 2126 636 2166 non
659 2107 704 2165 ita
727 2105 875 2182 descripta
898 2106 935 2165 ab
959 2105 1101 2182 antiquis.

183 2192 211 2255 2.
234 2189 317 2256 Gell.
331 2191 361 2272 5,
378 2192 428 2273 19,
442 2190 472 2254 5.
487 2192 516 2255 6.
534 2225 572 2236 -
590 2239 596 2253 .
611 2239 618 2254 .
633 2239 640 2253 .
655 2189 881 2272 adrogationes
900 2211 964 2253 non
979 2194 1101 2253 temere

93 2301 152 2343 nec
179 2281 380 2362 inexplorate
413 2278 673 2360 committuntur,
702 2300 777 2342 nam
808 2278 940 2342 comitia
969 2278 1101 2342 arbitris

93 2368 301 2451 pontificibus
318 2367 513 2450 praebentur
532 2387 613 2448 quae
632 2366 756 2430 curiata
771 2367 983 2449 appellantur,
998 2372 1102 2430 aetas-

96 2478 156 2539 que
180 2456 247 2518 eius
272 2456 326 2538 qui
350 2456 506 2539 adrogare
530 2455 610 2537 vult,
634 2477 675 2519 an
698 2455 810 2520 liberis
833 2453 1010 2540 gignundis
1034 2453 1103 2519 ido·

94 2566 156 2607 nea
189 2544 247 2624 sit,
277 2543 425 2626 bonaque
458 2543 527 2607 aius
556 2543 611 2627 qui
648 2545 837 2628 adrogatur,
873 2566 913 2607 ne
947 2541 1102 2608 insidiose

95 2633 240 2715 adpetita
259 2632 332 2713 sint,
356 2632 577 2696 consideratur
595 2632 708 2716 iusque
722 2633 893 2696 iurandum
908 2654 927 2695 a
942 2631 979 2708 Q.
994 2631 1102 2697 Mucio

95 2720 246 2801 pontifice
266 2722 406 2785 maximo
421 2727 612 2803 conceptum
627 2721 752 2800 dicitur,
767 2721 852 2806 quod
865 2721 899 2784 in
915 2720 1102 2804 adrogando

94 2810 263 2874 iuraretur.

311 2956 365 3016 111.
397 2957 494 3016 Iuris
518 2955 640 3016 civilis
664 2955 750 3015 libri
773 2955 884 3014 XVIII.

183 3069 268 3141 Quod
294 3070 476 3147 Pomponius
504 3070 523 3144 ἓ
548 3074 587 3131 41
617 3072 750 3131 Mucium
780 3071 911 3148 primum
941 3070 987 3129 ius
1016 3070 1104 3130 civile

94 3160 262 3237 generatim
285 3160 474 3219 constituisse
498 3161 582 3219 libris
605 3161 713 3237 tradit,
739 3160 932 3220 confirmatur
955 3163 985 3218 et
1009 3159 1104 3236 expli·

96 3252 181 3307 catur
213 3268 231 3308 a
259 3247 333 3308 Galo
359 3251 470 3325 1,188
504 3253 535 3308 et
561 3248 689 3324 Ulpiano
718 3249 754 3309 D.
778 3251 829 3326 41,
849 3251 878 3326 2,
898 3250 927 3324 3,
947 3249 1002 3324 23,
1036 3268 1105 3307 oum

94 3337 145 3396 ille
163 3337 294 3396 Mucium
318 3339 449 3413 quinque
473 3338 648 3414 tutelarum,
670 3338 718 3396 hic
737 3338 864 3397 eundem
880 3337 1105 3413 possessionum

93 3427 237 3485 nonnulla
264 3445 374 3504 genera
402 3426 591 3486 constituisse
618 3427 739 3486 referat.
784 3426 925 3484 nimirum
953 3426 1006 3501 qui
1033 3429 1104 3484 ante

91 3515 226 3573 Mucium
252 3515 287 3574 de
308 3515 375 3574 iure
395 3514 475 3575 civili
495 3516 683 3592 scripserant,
706 3516 809 3593 legum
827 3515 947 3574 decreta
966 3517 996 3572 et
1015 3515 1105 3573 rebus
