2422 3840
101 178 165 243 102
197 178 247 234 IV.
261 175 409 233 SEPTIMI
423 175 522 233 SAEO.
532 156 630 230 luals'
644 173 818 231 consum.
829 172 955 230 sualua
968 173 1120 229 liunus

191 341 219 406 5.
249 339 313 406 Oio.
333 339 371 405 de
390 340 475 406 offic.
493 340 523 424 3,
543 340 593 422 17,
614 340 666 404 70.
682 376 728 387 -
746 338 784 415 Q.
808 338 936 424 quidem
960 335 1120 403 Scaevola

98 429 245 514 pontifex
260 430 419 494 maximus
435 451 594 494 summam
610 429 674 491 vim
690 428 818 492 dicebat
830 448 900 491 esse
915 425 949 489 in
963 427 1119 492 omnibus

97 518 138 583 iis
163 518 314 602 arbitriis,
336 519 371 583 in
395 519 511 603 quibus
535 515 706 581 adderetur
729 538 768 580 ex
787 516 850 579 fide
869 516 955 580 bona
974 514 1117 599 fideique

98 607 203 672 bonae
244 629 363 672 nomen
405 606 611 671 existimabat
653 626 784 670 manare
821 603 980 669 latissime
1018 604 1116 688 idque

99 697 223 761 versari
240 694 274 760 in
292 696 413 779 tutelis,
434 695 654 778 societatibus,
673 693 809 776 fiduciis,
826 693 998 777 mandatis,
1017 693 1115 758 rebus

101 786 219 869 emptis
237 785 387 869 venditis,
406 783 570 849 conductis
589 782 713 866 locatis,
733 782 850 867 quibus
869 782 955 846 vitae
975 782 1115 847 societas

98 874 326 939 contineretur.
366 875 401 937 in
422 873 473 936 his
492 872 603 956 magni
623 893 693 936 esse
711 871 825 936 iudicis
845 873 997 954 statuere,
1020 893 1117 955 prae-

99 963 210 1026 sertim
229 983 301 1026 cum
323 955 359 1026 in
381 962 543 1047 plerisque
567 964 674 1025 essent
696 959 814 1024 iudicia
837 959 1010 1038 contraria,
1034 960 1115 1044 quid

97 1072 255 1136 quemque
279 1052 393 1135 cuique
416 1053 581 1134 praestare
606 1052 779 1134 oporteret.

186 1141 216 1205 6.
240 1140 279 1203 D.
293 1140 323 1218 3,
342 1139 372 1224 5,
393 1140 443 1204 10.
485 1138 684 1222 Pomponius
704 1138 787 1203 libro
806 1137 985 1202 vicensimo
1005 1137 1113 1222 primo

98 1228 138 1292 ad
162 1226 198 1304 Q.
218 1227 358 1293 Mucium
382 1224 431 1313 (P.
450 1224 539 1312 278).
586 1227 614 1290 si
640 1228 773 1310 negotia
797 1227 941 1291 absentis
964 1229 999 1289 et
1019 1225 1115 1311 igno-

98 1317 203 1381 rantis
227 1337 334 1401 geras,
358 1325 390 1381 et
413 1318 540 1400 eulpam
564 1320 597 1380 et
619 1315 728 1380 dolum
750 1319 916 1400 praestare
940 1313 1045 1380 debes.

188 1409 272 1480 Quae
304 1410 397 1470 verba
423 1410 515 1469 Mucii
547 1427 611 1469 esse
643 1408 766 1468 Perniee
798 1409 898 1468 Labeo
931 1409 958 1484 I,
982 1410 1049 1468 494
1084 1412 1115 1468 at

97 1499 141 1576 II,
171 1501 233 1558 302
266 1499 355 1576 vidit3
387 1518 456 1557 nam
489 1517 549 1557 non
581 1498 678 1557 solum
705 1497 887 1574 Pomponius
915 1497 1012 1556 addit:
1047 1491 1115 1556 ‘sed

97 1587 244 1646 Proculus
267 1587 420 1647 interdum
444 1587 536 1646 etiam
558 1604 661 1646 eesum
683 1590 836 1662 praestare
860 1581 979 1646 debere'
1004 1589 1036 1645 et
1060 1604 1114 1664 sq.,

96 1675 149 1735 sed
181 1677 272 1735 etiarn
300 1676 449 1753 Ulpianus
476 1676 512 1736 D.
535 1678 568 1752 3,
588 1677 621 1750 ὅ,
642 1679 713 1752 3,9
742 1676 849 1734 tradit:
882 1670 1052 1734 ‘interdum
1080 1675 1113 1733 in

94 1764 287 1842 negotiorum
310 1767 464 1844 gestorum
487 1764 604 1824 actione
626 1765 726 1823 Labeo
751 1765 863 1842 scribit,
887 1764 989 1822 dolum
1012 1764 1113 1823 solum

95 1854 184 1913 modo
207 1848 342 1914 versari'.

186 1938 229 2002 7?
255 1938 293 2003 D.
312 1939 367 2018 41,
386 1938 416 2019 l,
435 1938 487 2004 54.
524 1936 614 2001 Idem
635 1932 864 2023 (Pomponius)
885 1936 968 2000 libro
987 1936 1113 2021 trigen-

96 2026 179 2091 simo
200 2027 306 2110 primo
326 2027 366 2092 ad
386 2026 425 2103 Q.
442 2025 585 2091 Mucium
605 2020 655 2111 (P.
670 2022 759 2111 308).
790 2024 898 2091 Homo
918 2025 1002 2089 liber
1020 2024 1113 2088 here·

97 2114 232 2180 ditatem
255 2118 351 2182 nobis
375 2116 542 2200 adquirere
565 2118 772 2197 nonwpotest.

184 2210 276 2270 Lenel
308 2211 347 2268 ad
375 2208 576 2285 Pomponium
604 2209 666 2267 308
701 2208 774 2267 haec
803 2208 897 2268 verba
924 2207 1017 2266 Mucii
1045 2225 1111 2267 esse

95 2298 218 2375 eonioit,
245 2317 426 2375 quamquam
453 2296 485 2355 in
510 2295 657 2355 Mucianis
686 2297 861 2372 fragmentis
892 2316 951 2356 non
980 2295 1112 2357 exhibet.

185 2383 214 2446 8.
242 2381 414 2467 Augustin.
432 2380 471 2443 de
490 2380 575 2444 civit.
595 2378 646 2443 dei
661 2381 691 2465 4,
705 2381 757 2445 27.
779 2417 817 2427 -
838 2381 977 2445 relatum
1001 2383 1052 2443 est
1075 2381 1111 2444 in

95 2469 230 2551 litteras,
255 2468 477 2534 doctissimum
500 2469 684 2552 pontificem
705 2467 894 2535 Scaevolam
918 2469 1111 2553 disputasse,

94 2556 159 2621 tria
186 2578 304 2641 genera
331 2556 451 2622 tradita
479 2557 625 2622 deorum:
655 2580 755 2621 unum
779 2582 798 2623 a
820 2556 940 2643 poetis,
969 2557 1109 2621 alterum

97 2646 347 2730 aphilosophis,
366 2646 500 2711 tertium
520 2669 539 2710 a
557 2647 757 2731 principibus
777 2647 929 2712 civitatis.
965 2645 1110 2730 primum

94 2755 196 2818 genus
223 2736 429 2818 nugatorium
454 2736 532 2800 dicit
554 2757 637 2820 esse,
667 2736 752 2820 quod
776 2737 878 2800 multe
901 2735 939 2799 de
963 2735 1025 2799 diis
1047 2736 1109 2799 fin-

94 2826 214 2907 gantur
243 2823 388 2909 indigna3
417 2825 590 2890 secundum
616 2847 684 2890 non
709 2846 886 2908 congruere
910 2824 1108 2906 civitatibus,

94 2911 180 2995 quod
203 2912 323 2977 habeat
345 2914 454 2998 aliqua
473 2935 681 2998 supervacue,
705 2915 769 2977 alia
787 2916 894 2998 etiam,
918 2934 1000 2998 quae
1020 2912 1109 2977 obsit

94 3000 224 3084 populis
247 3023 350 3067 nosse.
394 3003 433 3067 de
457 3004 663 3086 supervacuis
687 3024 754 3066 non
776 3024 899 3089 magna
921 3024 1020 3067 causa
1043 3005 1108 3066 est:

95 3089 179 3153 solet
197 3091 283 3154 enim
302 3095 336 3156 et
354 3114 374 3156 a
392 3090 472 3156 iuris
491 3091 606 3175 peritis
621 3092 684 3155 diei
699 3089 873 3176 ‘superflua
886 3113 953 3156 non
966 3090 1109 3155 noeent'.

94 3199 176 3262 quae
205 3185 281 3244 sunt
309 3184 417 3244 autem
445 3181 517 3266 illa,
546 3201 628 3264 quae
655 3181 782 3264 prolata
806 3181 839 3244 in
865 3179 1108 3245 multitudinem

94 3269 234 3332 nocent?
270 3269 359 3348 haee,
383 3269 500 3353 inquit:
523 3290 588 3333 non
608 3291 677 3333 esse
697 3269 774 3333 deos
794 3269 967 3334 Herculem
987 3266 1108 3333 Aeaeu-

94 3355 219 3439 lapium
231 3357 400 3424 Castorem
411 3357 589 3438 Pollucem,
604 3357 752 3441 proditur
766 3359 851 3423 enim
866 3358 1009 3442 edoctis,
1020 3356 1107 3442 quod

96 3445 242 3512 homines
261 3446 382 3511 fuerint
400 3451 433 3510 et
450 3446 591 3511 humana
610 3447 797 3512 condicione
817 3447 1001 3511 defecerint.
1030 3445 1107 3531 quid

89 3534 204 3596 eliud?
244 3537 329 3617 quod
349 3558 459 3601 eorum
480 3537 534 3620 qui
554 3535 619 3599 sint
638 3535 691 3620 dii,
712 3559 777 3600 non
796 3536 938 3601 habeant
956 3536 1107 3601 civitates
