2422 3840
80 154 105 205 8.
117 149 220 206 SERV.
231 149 310 205 PAB.
321 150 411 206 PIC'P.
427 181 459 191 —
477 157 501 204 9.
511 149 540 205 P.
552 149 824 206 memorasses
842 150 910 205 DIV.
921 152 1007 207 MUC.
1048 151 1088 214 31

170 318 312 378 Fortasse
344 318 433 377 huius
461 319 548 377 Fabii
578 319 652 377 iuris
687 319 830 394 pontificii
857 318 927 378 libri
960 319 1090 396 fuerunt,

81 425 155 484 quos
185 426 276 483 supra
299 400 374 487 (HI,
394 403 427 487 6)
451 406 563 476 Quinto
587 408 681 468 Fabio
705 407 857 483 adscripsi.
904 408 940 467 cf.
965 408 1090 466 Teuffel-

80 496 226 556 Schwabe
250 495 270 569 ἓ
292 498 362 569 133,
379 499 407 556 3.

79 772 120 854 9.
154 779 194 850 Ρ.
218 776 426 850 LICINIUS
450 776 653 851 CRASSUS
677 776 819 850 ulvas
843 776 1089 850 MUCIANUS

168 921 200 980 P.
214 921 306 980 Mucii
325 940 382 981 cos.
399 916 545 1000 579s175
566 920 645 981 filius
664 925 695 980 et
713 920 745 982 P.
760 921 851 980 Mucii
866 938 924 980 cos.
941 915 1087 999 621s133

76 1011 173 1069 frater
191 1029 217 1068 c.
237 1010 270 1068 P.
288 1010 403 1070 Licinio
423 1009 530 1069 Crasso
549 1010 651 1070 Divite
670 1028 728 1070 eos.
748 1003 896 1088 594s205
918 1009 1088 1085 adoptatus,

78 1117 137 1159 cos.
172 1091 249 1176 62:1ss
257 1101 334 1174 131,
366 1100 501 1174 pontifex
532 1099 692 1176 maximus,
724 1099 756 1157 in
784 1100 858 1158 Asia
885 1099 1088 1158 Aristonicum

76 1205 180 1264 regem
205 1186 356 1246 debellans
381 1187 508 1247 decessit
533 1188 689 1267 624s130.

168 1275 197 1334 A
228 1279 315 1351 patre
347 1276 506 1335 institutus
541 1272 651 1354 l‘domi
683 1277 729 1336 ius
762 1276 849 1335 civile
877 1269 1088 1352 cognoverat')

77 1365 138 1424 fuit
164 1384 224 1424 non
253 1366 349 1423 solum
377 1366 521 1440 probatus
551 1368 651 1424 orator
679 1365 730 1424 sed
758 1365 849 1424 etiam
876 1365 949 1424 iuris
974 1365 1089 1440 peritus

77 1454 132 1530 qui
149 1453 313 1528 plurimum
332 1455 554 1513 consulebatur.
586 1453 644 1513 Cic.
658 1454 744 1513 Brut.
761 1456 811 1513 98.
836 1452 911 1512 Cell.
928 1458 956 1529 1,
973 1456 1022 1529 13,
1040 1455 1089 1512 10.

77 1542 167 1601 fratri
191 1542 299 1601 solitus
323 1546 370 1601 est
393 1543 503 1616 dicere,
527 1537 633 1620 ‘neque
657 1543 743 1600 illum
766 1542 797 1600 in
820 1542 885 1600 iure
909 1542 991 1602 civili
1015 1543 1088 1601 sutis

77 1631 177 1690 iacere
205 1649 291 1707 posse
319 1631 376 1690 nisi
404 1632 520 1690 dicendi
543 1632 658 1707 copiam
683 1631 893 1706 assumpsisset
917 1675 923 1688 .
945 1677 966 1708 .,
993 1650 1088 1707 neque

78 1737 111 1779 se
138 1722 209 1779 aute
238 1738 343 1778 causas
372 1721 534 1779 amicorum
562 1724 692 1779 tractare
720 1723 809 1796 atque
837 1739 925 1797 agere
949 1720 1089 1795 coepisse,

78 1827 169 1885 quam
201 1808 248 1867 ius
281 1808 368 1868 civile
401 1802 576 1868 didicisset'.
622 1809 802 1884 Pomponius
831 1806 850 1883 ἓ
875 1810 918 1867 40
951 1810 1029 1867 bunc
1058 1813 1089 1867 et

77 1900 229 1956 oratorem
252 1897 285 1955 L.
304 1896 444 1956 Crassum
469 1896 648 1956 confundere
672 1897 800 1956 videtur.

168 1985 331 2045 Auditores
359 1987 423 2045 eius
452 1986 575 2044 fuerunt
606 1988 636 2044 et
665 1984 798 2043 Rutilius
827 1984 923 2044 Rufus
953 1976 1028 2065 (Cic.
1052 1985 1088 2043 de

77 2074 126 2133 off.
149 2075 181 2150 2,
196 2066 253 2154 47)
278 2078 308 2132 et
331 2074 409 2134 filius
433 2073 570 2143 Quintus.

487 2242 679 2318 Responsa.

169 2356 227 2417 Cic.
246 2359 332 2416 Brut.
353 2360 393 2418 98
420 2352 462 2416 ‘in
485 2377 519 2416 eo
545 2405 573 2419 ..
597 2360 787 2417 constat
811 2356 904 2414 fuisse
927 2355 1088 2414 maximam

80 2493 112 2506 ..
142 2447 284 2523 gratiam,
322 2465 389 2506 cum
421 2449 452 2505 et
483 2447 691 2506 consuleretur
722 2438 905 2521 plurimum'
960 2442 1017 2503 Cic.
1050 2445 1086 2503 de

78 2538 152 2594 orat.
180 2539 212 2611 1,
234 2538 294 2595 239
334 2529 487 2611 ‘equidem
518 2537 573 2594 hoc
602 2552 689 2610 saepe
720 2533 820 2592 audiri
930 2533 1087 2592 accessisse

80 2625 118 2682 ad
146 2623 287 2683 Crassum
315 2624 487 2683 consulendi
515 2642 605 2683 causa
633 2622 782 2700 quendam
810 2621 1007 2698 rusticanum,
1036 2622 1088 2698 qui

79 2730 148 2772 cum
171 2711 313 2772 Crassum
339 2713 505 2771 seduxisset
528 2717 617 2789 atque
641 2714 678 2770 ad
702 2731 770 2770 eum
791 2709 945 2769 retulisset
967 2728 1087 2786 respon·

79 2820 207 2876 sumque
226 2802 263 2860 ab
284 2821 317 2860 eo
336 2820 440 2860 verum
458 2796 556 2877 magis
575 2820 665 2877 quam
684 2800 721 2858 ad
740 2818 824 2858 suam
842 2819 906 2858 rem
924 2817 1087 2858 accommo-

78 2889 184 2949 datum
203 2890 385 2967 abstulisset,
404 2893 439 2948 ut
457 2910 524 2948 eum
544 2889 662 2949 tristem
677 2888 773 2948 Galba
786 2886 871 2960 vidit,
891 2933 915 2948 ..
930 2887 1088 2962 quaesivit,

80 3025 110 3038 ..
135 2997 195 3055 qua
224 2979 261 3037 de
287 2998 319 3037 re
348 2978 385 3037 ad
409 2977 550 3037 Crassum
578 2978 742 3053 retulisset,
767 2975 965 3036 ....deinde
988 2976 1087 3051 ipsum

79 3065 221 3126 Crassum
244 3086 333 3125 manu
356 3067 513 3143 prehendit
536 3068 662 3125 etheus
685 3070 732 3138 tu,
755 3063 862 3140 inquit,
884 3063 955 3139 quid
978 3064 1034 3122 tibi
1056 3064 1088 3122 in

79 3160 210 3215 mentem
242 3156 324 3214 venit
356 3157 400 3214 ita
432 3153 631 3231 respondere?
676 3157 741 3213 tum
770 3153 817 3212 illi
844 3153 971 3212 fidenter
998 3153 1086 3212 homo

80 3244 279 3319 peritissimus
298 3245 481 3320 confirmare,
500 3244 544 3302 ita
563 3262 593 3302 se
613 3263 676 3302 rem
689 3244 809 3318 habere,
826 3244 862 3300 ut
876 3240 1087 3318 respondisset,

79 3352 132 3393 nec
162 3332 286 3392 dubium
309 3351 372 3392 esse
396 3351 491 3408 posse.
538 3331 634 3391 Galba
657 3335 758 3390 autem
848 3330 958 3388 multas
983 3329 1086 3388 simili·

79 3423 199 3481 tudiues
228 3422 333 3480 afferre
357 3423 509 3496 multaque
533 3440 587 3495 pro
610 3421 761 3496 aequitate
785 3417 962 3478 contraius
983 3418 1105 3485 dicere,

79 3513 168 3587 atque
196 3511 296 3586 illum,
327 3529 392 3569 oum
421 3509 595 3572 disserendo
624 3529 680 3590 par
711 3529 781 3574 esse
807 3527 878 3569 non
900 3506 1033 3580 posset,
