2422 3840
126 127 191 191 372
223 127 298 182 VIII.
312 126 446 184 OCTAVI
460 126 557 182 SAEC.
567 126 663 183 IURIS
678 125 848 183 CONSULT.
859 125 984 182 sufflas
998 127 1139 183 TERTIA
1195 127 1197 130 ’

500 304 544 361 Dc
561 305 648 372 faudo
667 306 761 375 lepato.
838 349 842 361 .

216 416 247 480 4.
269 413 309 479 D.
324 415 376 500 33,
391 417 420 495 7,
434 416 465 480 4.
500 415 673 479 Iavolenus
695 415 778 480 libro
802 415 940 491 seeundo
965 436 1003 479 ex
1026 419 1141 499 poste-

126 503 267 569 rioribus
290 501 525 590 Labeonis-(P.
541 499 628 590 181).
666 501 746 568 Cum
770 503 901 588 quidam
919 503 999 568 duos
1018 504 1152 571 fundos*

129 595 255 658 iunctos
274 592 409 656 haberet
429 596 462 656 et
482 615 520 656 ex
539 593 640 657 altero
660 592 857 675 horescam
877 613 957 676 opus
975 591 1140 677 fecissent,

127 684 161 747 in
190 681 328 745 alterum
355 686 603 763 reverterentur,
632 684 804 764 utrumque
832 681 965 745 fundum
993 702 1067 746 curn
1092 682 1140 746 in·

130 774 310 847 strumento
334 770 512 854 legaverat.
545 768 654 834 Labeo
674 768 844 834 Trebatius
867 770 968 835 boves
986 770 1016 834 ei
1035 771 1139 836 fundo

128 879 274 924 cessuros
302 862 433 942 putant,
460 859 517 923 ubi
544 879 626 942 opus
648 857 812 942 fecissent,
840 880 906 923 non
928 858 984 922 ubi
1007 881 1140 925 manere

129 947 385 1031 consuevissent,
410 945 588 1013 Cascellius
612 950 733 1011 contra.

216 1036 245 1101 5.
269 1035 310 1100 D.
323 1035 381 1119 35,
396 1038 429 1119 1,
442 1036 500 1117 40,
516 1037 544 1100 1.
575 1035 666 1099 Idem
686 1033 884 1122 (Iavolenus)
898 1036 981 1102 libro
996 1038 1140 1103 secundo

128 1145 166 1189 ex
188 1124 422 1209 posterioribus
445 1123 604 1188 Labeonis
628 1122 674 1208 (P.
692 1121 779 1212 186).
820 1123 956 1200 Quidam
980 1125 1028 1190 ita
1050 1126 1140 1211 lega·

126 1216 232 1277 verat:
259 1206 298 1276 ‘si
319 1212 452 1277 Publius
476 1211 646 1278 Cornelius
670 1213 864 1297 impensam,
887 1236 984 1298 quam
1007 1215 1044 1278 in
1066 1215 1140 1280 fun-

129 1302 204 1366 dum
219 1300 371 1366 Seianum
390 1302 461 1384 feci,
477 1301 586 1366 heredi
606 1322 676 1366 meo
696 1301 826 1379 dederit,
845 1306 917 1366 tum
934 1303 1027 1370 heres
1047 1325 1139 1369 meus

59 1411 61 1414 ’
127 1389 243 1455 Publio
276 1389 426 1455 Cornelio
459 1390 593 1455 fundum
622 1389 775 1455 Seianum
807 1391 904 1456 dato'.
960 1389 1139 1457 Cascellius
1195 1433 1197 1436 <

129 1479 238 1544 aiebat
260 1478 357 1550 etiam
380 1478 521 1563 pretium
543 1477 634 1543 fundi
657 1479 726 1543 dari
749 1479 873 1544 debere.

454 1653 499 1709 De
516 1654 695 1709 icutsumcntc
713 1655 808 1725 arato.

218 1761 246 1826 6.
274 1761 314 1826 D.
333 1761 385 1848 33,
400 1762 499 1847 1,26,
520 1765 548 1828 1.
584 1761 674 1828 Idem
698 1761 895 1851 (Iavolenus)
920 1764 1005 1830 libro
1025 1764 1140 1849 quinto

130 1872 168 1914 ex
200 1851 435 1933 posterioribus
468 1851 628 1917 Labeonis
661 1850 709 1937 (P.
733 1850 823 1939 215).
872 1852 976 1936 Molas
1010 1875 1142 1919 manua-

128 1939 194 2003 rias
222 1988 256 2002 ..
287 1940 511 2024 supellectilis,
542 1940 751 2006 iumentarias
785 1946 894 2006 autern
930 1942 1141 2007 instrumenti

32 2041 39 2058 ”
130 2049 199 2092 csse
218 2027 332 2092 Ofilius
352 2029 399 2092 ait
497 2026 672 2094 Cascellius
691 2030 860 2095 Trebatius
878 2034 1011 2095 neutras
1032 2032 1138 2115 supel-

129 2116 256 2200 lectilis,
279 2117 334 2181 sed
356 2117 466 2202 potius
489 2119 696 2183 instrumenti
718 2123 835 2204 putant
859 2134 937 2184 csse.

363 2291 408 2346 Dc
425 2293 489 2347 vioe
507 2292 563 2347 olco
580 2292 717 2360 frwncntc
737 2332 787 2349 ...
807 2294 902 2365 tapeto.

220 2401 248 2464 7.
281 2399 320 2466 D.
339 2400 396 2484 33,
420 2401 454 2484 6,
479 2401 560 2485 lpr.
604 2400 775 2467 Iavolenus
807 2402 892 2467 libro
925 2402 1067 2468 secundo
1101 2425 1140 2467 ex

129 2489 365 2572 posterioribus
402 2488 562 2554 Labeonis
592 2488 643 2577 (P.
667 2487 776 2577 180).
814 2491 951 2567 Quidam
986 2490 1141 2555 heredem

131 2577 340 2642 damnaverat
364 2578 438 2641 dare
462 2578 555 2642 uxori
578 2601 653 2660 suae
676 2579 786 2643 vinum
810 2580 916 2644 oleum
939 2578 1141 2644 frumentum

131 2669 258 2729 acetum
276 2666 373 2730 mella
393 2666 654 2735 salsamenta.
678 2666 792 2733 Ofilius
811 2667 990 2733 Cascellius
1009 2667 1141 2733 Tubero

131 2775 249 2837 omne,
272 2759 428 2837 quantum
460 2759 553 2839 pater
584 2757 725 2821 familias
757 2757 955 2841 reliquisset,
993 2756 1143 2842 legatum

130 2847 254 2926 putant.
729 2920 734 2929 ι

493 2928 537 2985 De
555 2936 666 3007 soprato
685 2932 780 3002 lepctc.

129 3091 131 3094 ,
221 3039 250 3103 8.
278 3037 317 3102 D.
336 3038 388 3120 34,
398 3039 428 3121 2,
447 3038 499 3122 39,
511 3039 540 3103 l.
570 3037 743 3105 Iavolenus
762 3041 845 3105 libro
865 3040 1004 3106 secundo
1025 3061 1064 3104 ex
1082 3062 1143 3125 po-

132 3126 323 3192 sterioribus
342 3125 504 3192 Labeonis
524 3123 575 3213 (P.
591 3126 678 3214 185).
712 3127 793 3193 Cum
811 3130 858 3194 ita
876 3130 1020 3214 legatum
1040 3135 1144 3195 esset:
1180 3138 1183 3143 ’

132 3211 327 3300 ‘argentum
355 3215 440 3299 quod
463 3217 559 3283 domo
582 3239 655 3281 mea
679 3219 741 3282 erit
764 3240 835 3283 cum
859 3216 1002 3302 moriar',
1025 3215 1145 3284 Ofilius

131 3326 191 3368 nec
215 3304 299 3388 quod
324 3305 506 3389 depositum
531 3329 549 3370 a
572 3328 605 3369 se
629 3328 687 3371 nec
706 3307 792 3389 quod
811 3307 1048 3372 commodatum
1067 3309 1146 3372 reli-

133 3393 255 3476 quisset
296 3398 468 3478 argentum
509 3394 650 3478 legatum
689 3395 789 3459 videri
825 3396 1001 3480 respondit.
1055 3396 1146 3462 idem

132 3479 309 3547 Cascellius
329 3483 367 3546 de
391 3483 603 3548 commodato.
