2422 3840
98 163 163 228 310
195 163 268 218 vus
284 161 418 218 ocrrvr
432 147 531 219 eruo.
541 161 637 218 rurus
653 163 825 220 oousuur.
836 162 960 220 saurus
974 162 1109 219 suarm

97 329 223 410 partem
256 329 376 410 araret,
412 348 452 391 ne
485 327 565 392 sulci
597 327 632 392 iu
668 328 736 392 eius
768 349 883 413 agrum
915 332 1113 412 spectarent.

98 414 265 498 respoudit
297 437 362 480 non
393 437 488 500 posse
517 438 589 480 eum
616 416 734 501 facere,
767 438 829 501 quo
858 417 963 481 minus
991 437 1112 501 agrum

97 505 220 568 vicinus
245 504 514 588 quemadmodum
537 504 635 570 vellet
659 508 774 570 araret.

187 589 248 657 Sed
277 594 305 657 si
333 615 413 678 quos
441 593 547 658 sulcos
575 597 776 658 transversos
806 593 956 677 aquarios
979 593 1111 678 faceret,

96 703 154 766 per
190 703 271 766 quos
307 682 342 746 in
375 682 443 746 eius
476 703 591 768 agrum
623 703 707 768 aqua
738 681 904 766 deflueret,
940 682 1037 748 hosce
1072 687 1110 748 ut

97 771 250 856 operiret,
277 792 336 855 per
363 770 521 836 arbitrum
550 793 652 855 aquae
679 770 809 855 pluviae
832 771 994 837 arcendae
1011 793 1110 855 posse

96 879 221 944 cogere.

186 945 249 1012 Sed
279 950 311 1011 et
335 947 363 1011 si
384 945 490 1012 fossas
514 946 658 1030 fecisset,
685 949 864 1032 exquibus
889 971 973 1033 aqua
996 949 1109 1032 pluvia

96 1039 208 1120 posset
229 1057 354 1121 nocere,
378 1036 546 1119 arbitrum,
570 1035 597 1100 si
617 1042 772 1121 appareat
790 1037 944 1117 futurum,
967 1043 1108 1123 utaque

96 1124 206 1208 pluvia
228 1129 369 1209 noceret,
393 1145 506 1210 cogere
532 1130 681 1208 oportere
703 1125 807 1190 fossas
828 1147 899 1190 eum
919 1126 1046 1209 explere
1066 1131 1107 1211 et,

96 1214 160 1277 nisi
185 1216 318 1297 faceret,
346 1213 569 1296 condemnare,
596 1214 727 1279 tametsi
756 1217 929 1298 antequam
957 1216 993 1279 de
1015 1236 1053 1280 eu
1075 1237 1109 1281 re

96 1302 265 1386 iudicaret,
289 1325 372 1388 aque
394 1324 453 1387 per
468 1302 580 1367 *fossas
603 1324 778 1386 numquam
799 1302 955 1369 fluxisset.

185 1423 221 1484 cf.
246 1422 343 1484 Servii
366 1441 509 1498 responsa
532 1425 583 1482 81.

185 1541 236 1606 56.
270 1541 309 1606 D.
333 1541 390 1625 39,
413 1541 447 1622 3,
465 1543 499 1622 2,
518 1541 548 1607 5.
594 1541 712 1606 Paulus
744 1541 829 1605 libro
857 1543 1107 1627 quadragesimo

96 1651 182 1695 nouo
202 1630 241 1694 ad
261 1630 400 1695 edictum
414 1627 465 1717 (P.
480 1631 553 1714 632,
567 1627 612 1718 5).
645 1629 725 1693 Item
740 1628 847 1694 Varus
866 1631 926 1694 ait:
946 1651 1109 1716 aggerem,

97 1719 151 1803 qui
174 1718 330 1784 infundo
353 1719 452 1784 vicini
475 1723 558 1803 erat,
585 1719 634 1784 vis
659 1741 760 1803 aquae
784 1719 911 1802 deiecit,
939 1741 997 1804 per
1021 1721 1108 1805 quod

97 1807 245 1872 effectum
269 1811 328 1891 est,
349 1813 387 1871 ut
410 1830 495 1894 aqua
518 1808 730 1892 pluviamihi
747 1810 888 1873 noceret.
924 1807 1032 1874 Varus
1052 1810 1108 1895 ait,

97 1897 123 1960 si
147 1897 305 1960 naturalis
331 1916 432 1981 agger
454 1897 528 1979 fuit,
550 1918 615 1961 non
639 1917 734 1981 posse
758 1919 809 1960 me
830 1896 972 1961 vicinum
992 1919 1108 1982 cogere

97 2006 199 2069 aquae
227 1986 355 2069 pluviae
384 1985 541 2050 arcendae
569 1986 708 2067 actione,
735 1990 772 2049 ut
794 2006 872 2049 eum
894 1991 1032 2069 reponat
1055 1988 1107 2052 vel

96 2075 209 2158 reponi
237 2075 337 2158 sinat,
368 2074 516 2158 idemque
544 2077 640 2158 putat
668 2078 702 2138 et
729 2075 757 2138 si
784 2096 882 2139 mauu
909 2074 1014 2140 factus
1043 2076 1108 2141 fuit

76 2183 199 2246 meque
218 2162 374 2227 memoria
388 2163 456 2227 eius
476 2166 596 2247 exstat3
615 2161 701 2247 quod
719 2163 748 2226 si
766 2165 880 2246 exstet,
895 2167 990 2247 putat
1004 2187 1108 2249 aquae
1144 2237 1146 2241 ,

95 2252 224 2335 pluviae
247 2252 404 2317 arcendae
428 2252 554 2316 actione
578 2273 650 2315 eum
673 2251 786 2315 terreri.

471 2452 519 2510 De
540 2453 730 2512 servitutibus.

184 2569 236 2635 57.
258 2568 303 2633 D.
319 2570 391 2655 8,4‚
414 2568 465 2635 15.
501 2568 620 2635 Paulus
645 2570 729 2634 libro
758 2570 863 2653 primo
892 2570 1109 2654 epitomarum

96 2657 206 2722 Alfeni
234 2656 444 2743 Digestorum
476 2655 526 2745 (P.
550 2653 616 2744 31).
663 2657 725 2735 Qui
756 2681 814 2742 per
845 2664 968 2723 certum
1000 2661 1110 2727 locum

95 2748 158 2811 iter
182 2749 239 2810 aut
261 2750 368 2811 actum
391 2746 488 2811 alicui
508 2747 562 2830 <in
583 2747 674 2832 iure>
693 2748 851 2831 cessisset,
870 2768 943 2812 eum
961 2749 1109 2832 pluribus

96 2857 156 2919 per
179 2834 314 2900 eundem
334 2835 442 2901 locum
461 2836 512 2901 vel
531 2837 593 2900 iter
611 2837 662 2901 vel
681 2840 790 2901 ectum
809 2835 866 2919 <in
885 2836 976 2921 iure>
995 2837 1109 2904 cedere

96 2945 193 3009 posse
221 2945 331 2988 verum
359 2928 422 3003 est,
450 2925 719 3008 quemadmodum
749 2925 777 2989 si
806 2925 879 3009 quis
901 2926 1007 2991 vicino
1031 2949 1128 2993 suas·

97 3012 192 3078 aedes
220 3034 330 3077 servas
358 3013 501 3088 fecisset,
533 3013 636 3078 nihilo
667 3019 772 3078 minus
801 3013 874 3077 aliis
902 3019 981 3097 quot
1010 3016 1110 3082 vellet

97 3103 207 3166 multis
232 3124 287 3167 eas
312 3101 405 3167 aedes
429 3124 539 3167 servas
560 3101 667 3167 facere
690 3104 807 3185 potest.
894 3112 901 3128 ·

186 3224 222 3281 cf.
247 3221 343 3283 Servii
365 3240 509 3300 responsa
533 3225 584 3283 87.

186 3341 238 3406 58.
267 3341 306 3405 D,
321 3343 351 3424 8,
364 3341 396 3425 5,
410 3342 461 3425 17,
478 3344 506 3406 1.
544 3340 679 3406 Alfenus
699 3341 782 3406 libro
801 3341 940 3406 secundo
959 3341 1110 3426 Digesto·

98 3451 178 3514 rum·
193 3426 242 3516 (P.
257 3431 293 3513 4,
308 3431 351 3514 1).
397 3428 479 3496 Cum
506 3431 540 3494 in
567 3430 663 3495 domo
688 3428 762 3494 Gaii
785 3426 837 3494 Sei
862 3430 952 3496 locus
976 3431 1110 3515 quidam

90 3517 229 3582 aedibus
260 3519 350 3583 Auni
383 3519 432 3585 ita
464 3519 613 3604 serviret,
648 3521 686 3582 ut
722 3519 756 3582 in
789 3539 826 3583 eo
860 3520 932 3585 loco
964 3521 1110 3605 positum
