2422 3840
134 189 198 263 326
224 189 298 244 VIII.
314 188 451 244 OCTAVI
465 187 563 244 SAEO.
573 189 669 244 IURIS
684 188 857 244 CONSULT.
869 191 994 246 saluus
1009 190 1149 246 TERTIA

134 354 251 416 onusta
274 353 380 416 mulae
405 351 578 417 ducebant:
602 353 720 437 prioris
744 353 862 436 plostri
886 353 1044 418 muliones
1070 375 1148 419 eon·

133 463 260 506 versum
284 441 445 524 plostrum
470 442 707 523 sublevabant[,
730 463 793 526 quo
816 443 910 506 facile
931 442 1036 506 mulae
1058 443 1148 523 faee-

66 603 72 616 κ
133 533 206 593 rent
234 528 336 611 iter¹].
384 531 529 614 superius
558 530 719 614 plostrum
748 530 862 595 cessim
894 531 941 594 ire
974 534 1082 615 eoepit
1113 537 1148 596 et

134 640 207 683 eum
229 620 477 704 muliones,'qui
499 620 583 683 inter
606 617 668 683 duo
692 620 819 702 plostra
836 619 976 701 fuerunt,
1000 641 1017 682 e
1036 620 1148 705 medio·

133 709 282 791 exissent,
305 709 468 792 posterius
491 706 652 791 plostrum
677 730 695 770 a
718 707 826 792 priore
848 730 1036 791 percussum
1054 714 1146 775 retro

130 795 271 861 redierat
311 802 344 860 et
383 818 519 880 puerum
559 796 724 861 cuiusdam
762 797 951 861 obtriverat:
993 797 1145 863 dominus

131 885 223 968 pueri
250 885 452 969 consulebat,
485 906 557 950 cum
590 906 652 968 quo
682 907 715 948 se
744 905 839 969 agere
868 889 1043 969 oporteret
1094 908 1145 950 re·

130 973 245 1057 spondi
272 975 306 1038 in
334 996 432 1039 eausa
459 973 509 1038 ius
537 995 607 1038 esse
633 974 792 1058 positum:
819 995 896 1039 nam
920 975 947 1038 si
971 975 1144 1056 muliones,

130 1063 187 1147 qui
219 1062 366 1148 superius
399 1063 558 1146 plostrum
590 1063 834 1146 sustinuissent,
867 1085 926 1126 sua
959 1067 1074 1147 sponte
1108 1087 1143 1129 se

129 1151 356 1216 subduxissent
379 1156 412 1216 et
434 1151 506 1216 ideo
529 1149 652 1216 fastum
676 1156 769 1235 esset,
792 1155 829 1215 ut
853 1152 959 1216 mulae
977 1156 1139 1236 plostrum

126 1240 264 1305 retinere
292 1262 357 1305 non
384 1241 512 1323 possint
540 1243 637 1322 atque
665 1262 762 1305 onere
790 1241 862 1323 ipso
884 1239 1139 1326 retraherentur,

127 1350 200 1393 oum
236 1328 372 1394 domino
404 1327 564 1392 mularum
596 1329 719 1394 nullam
752 1350 821 1393 esse
854 1329 1028 1412 actionem,
1065 1352 1139 1395 eum

127 1416 323 1502 hominibus,
342 1418 396 1503 qui
415 1439 604 1482 conversum
623 1419 784 1501 plostrum
804 1418 1041 1502 sustinuissent,
1066 1420 1138 1504 lege

128 1505 260 1590 Aquilia
287 1507 341 1591 agi
368 1528 477 1590 posse3
509 1528 585 1570 nam
614 1507 717 1571 nihilo
745 1509 852 1570 miuus
881 1528 954 1570 eum
982 1508 1140 1573 damnum

128 1594 218 1678 dare,
247 1595 302 1679 qui
330 1595 416 1681 quod
444 1595 619 1659 sustineret
646 1595 791 1660 mitteret
818 1617 876 1659 sua
898 1596 1080 1682 voluntate,
1103 1600 1140 1661 ut

126 1683 160 1747 id
193 1683 333 1767 aliquem
362 1683 487 1768 feriret,
518 1684 620 1749 veluti
648 1684 675 1748 si
703 1685 775 1768 quis
804 1685 939 1748 asellum
968 1706 1039 1749 eum
1069 1687 1136 1770 agi·

38 1780 41 1787 '
127 1776 230 1837 tasset
256 1794 323 1839 non
349 1773 550 1856 retinuisset,
579 1793 679 1856 aeque
703 1774 731 1836 si
754 1772 826 1856 quis
851 1795 889 1836 ex
913 1795 1010 1836 manu
1033 1774 1137 1838 telum

128 1865 184 1925 aut
207 1861 294 1926 aliud
318 1861 395 1947 quid
417 1862 614 1946 immisisset,
637 1861 789 1926 damnum
807 1861 926 1926 iniuria
944 1862 1045 1927 daret.
1081 1863 1138 1928 sed

84 1985 87 1991 ·
128 1950 155 2013 si
170 1951 286 2033 mulae,
306 1953 381 2036 quia
396 1951 518 2036 aliquid
530 1948 803 2033 reformidassent,
823 1950 1086 2035 <recessissent>,
1104 1955 1137 2016 et

111 2041 285 2113 vmuliones
308 2041 424 2104 timore
448 2039 595 2124 permoti,
618 2060 659 2102 ne
682 2039 952 2123 opprimerentur,
975 2041 1138 2123 plostrum

126 2128 362 2211 reliquissent,
384 2150 456 2193 eum
492 2128 678 2193 hominibus
710 2128 867 2193 actionem
899 2129 1023 2192 nullam
1056 2151 1137 2208 esse,

126 2238 198 2281 cum
231 2218 362 2283 domino
395 2218 554 2281 mularum
587 2238 666 2281 esse.
716 2216 801 2302 quod
835 2216 862 2280 si
895 2238 995 2299 neque
1029 2219 1139 2283 mulae

125 2327 229 2389 neque
257 2306 404 2371 homines
432 2306 466 2370 in
494 2327 591 2370 eausa
619 2307 739 2388 essent,
769 2305 825 2369 sed
845 2307 962 2370 mulae
994 2307 1157 2384 retinere⁴

127 2415 207 2458 onus
230 2396 418 2479 nequissent
440 2397 497 2458 aut
520 2415 592 2457 oum
614 2393 831 2458 coniterentur
849 2395 959 2477 lapsae
978 2396 1138 2460 coneidis-

92 2480 94 2484 '
128 2485 201 2546 sent
228 2487 261 2547 et
287 2484 358 2548 ideo
385 2483 545 2566 plostrum
574 2482 690 2546 cessim
717 2481 855 2548 redisset
882 2487 980 2567 atque
1008 2483 1042 2547 hi
1072 2507 1137 2569 quo

127 2592 317 2636 conversum
349 2571 464 2636 fuisset
496 2592 576 2635 onus
610 2572 766 2636 sustinere
798 2571 1000 2657 nequissent,
1032 2594 1139 2658 neque

127 2680 199 2722 oum
237 2660 368 2725 domino
405 2660 565 2724 mularum
601 2681 704 2743 neque
741 2681 812 2724 eum
845 2659 1031 2725 hominibus
1067 2683 1140 2733 esse

129 2751 181 2811 aet
181 2747 298 2814 ionem.
349 2748 429 2812 illud
460 2748 589 2832 quidem
621 2753 688 2813 oert
688 2770 743 2814 am
769 2745 856 2831 esse²,
884 2770 1012 2833 quoquo
1041 2751 1141 2815 modo

126 2858 178 2900 res
203 2859 236 2901 se
255 2838 399 2920 haberet,
422 2858 493 2901 eum
519 2836 647 2903 domine
666 2838 883 2923 posteriorum
903 2839 1064 2903 mularum
1084 2841 1141 2924 agi

124 2946 191 2990 nou
218 2947 326 3010 posse,
356 2928 509 3011 quoniam
537 2948 602 2991 non
630 2949 688 2991 sua
721 2931 817 3010 spent
818 2949 848 3010 e,
803 2927 936 2991 tsed
966 2950 1139 3042 percussae

125 3017 213 3080 retro
236 3015 404 3080 redissent.

75 3191 78 3196 ,
216 3121 482 3202 106.1bid.§1
514 3120 562 3205 (P.
579 3124 607 3205 7,
624 3121 665 3209 1).
714 3122 968 3186 Tabernarius
959 3144 992 3186 m
1021 3125 1141 3188 semita

125 3213 223 3276 noetu
247 3233 344 3295 supra
364 3210 506 3293 lapidem
525 3213 688 3280 lucernam
707 3215 872 3294 posuerat:
896 3211 1026 3294 quidam
1045 3233 1140 3294 prae·
1192 3244 1194 3248 ·

125 3299 244 3363 teriens
278 3322 348 3364 eam
382 3300 571 3365 sustulerat:
604 3300 807 3364 tabernarius
840 3321 912 3362 eum
946 3306 1141 3366 consecutus
1173 3361 1175 3365 ,

212 3497 225 3542 1
242 3490 322 3546 Flor.
339 3491 475 3546 ducerent
488 3492 568 3546 inter.
601 3492 709 3544 incluso
723 3491 805 3544 verbo
819 3508 837 3544 α
854 3491 1023 3545 Tritoniaao
1038 3493 1143 3549 addita

98 3559 242 3616 ‚ardentm
258 3563 415 3635 (Peraeae).
492 3570 508 3619 2
533 3564 615 3621 Flor.
633 3563 719 3618 uerte.
