2422 3840
151 143 217 208 304
243 143 318 199 VIII.
333 142 466 200 COTAVI
480 141 577 198 SAEO.
587 143 684 199 IURIS
699 141 873 199 CONSULT.
884 142 1008 198 sumus
1021 142 1161 198 TERTIA

151 307 341 373 abstulerat.
385 310 499 391 postea
528 307 714 391 apparuerit
741 329 813 372 eum
842 305 897 390 qui
924 307 958 370 iu
981 306 1061 370 Asia
1090 311 1162 371 erat

65 461 72 477 ,
151 401 247 460 antea
284 394 458 460 decessisse
494 395 646 485 instituto
683 417 721 459 ex
753 398 846 479 parte
878 394 1011 459 dimidia
1043 395 1161 459 herede

150 489 360 569 procuratore
398 506 456 548 suo
493 489 526 548 et
562 503 600 548 ex
636 487 729 568 parte
762 484 835 549 aiio.
889 483 1069 568 quaesitum
1103 489 1162 566 est,

152 571 421 656 quemadmodum
454 573 592 658 pecunia
624 595 662 637 ex
691 572 868 637 hereditate
898 572 1036 657 petenda
1066 578 1161 638 esset.

151 683 341 746 responsum
361 666 411 726 est
430 661 470 725 ab
490 683 538 745 eo,
557 661 612 744 qui
625 665 815 745 procurator
829 660 897 726 eius
912 661 1034 746 fuisset,
1053 667 1159 727 totam

151 746 406 836 [hereditatem]‚
434 750 510 833 quia
538 771 577 814 ex
604 749 783 814 hereditate
812 772 849 815 ea
872 751 1007 834 pecunia
1030 750 1161 831 [fuisset

151 840 244 923 quae]
262 839 301 903 ad
316 843 558 922 procuratorem
578 860 617 903 ex
631 839 815 903 venditione
829 839 1036 923 pervenisset,
1049 843 1160 922 petere

151 948 206 992 eos
230 932 388 1011 oportere,
412 932 446 992 et
467 927 569 992 nihilo
593 927 701 992 minus
723 931 849 1011 partem
870 926 1034 992 dimidiam
1056 928 1159 1009 [here-

50 1079 53 1086 ,
150 1015 274 1097 ditatis]
304 1039 324 1079 a
351 1015 562 1080 coheredibus
590 1017 667 1080 eius.
711 1015 761 1080 ita
788 1015 871 1101 fore,
899 1016 966 1081 sive
992 1017 1099 1080 omnis
1123 1038 1160 1080 ea

149 1105 286 1188 pecunia
314 1126 412 1188 penes
441 1126 514 1169 oum
543 1104 597 1188 qui
624 1108 814 1189 procurator
841 1105 970 1186 fuisset,
997 1105 1160 1189 resideret,

150 1198 186 1257 ut
209 1215 335 1257 omnem
359 1214 418 1278 per
438 1193 577 1258 iudicem
596 1193 637 1257 ab
656 1193 767 1258 eodem
786 1197 1017 1278 recuperarent,
1042 1194 1110 1258 sive
1131 1193 1159 1258 is

149 1287 275 1365 partem
303 1281 468 1346 dimidiam
499 1281 647 1346 coheredi
675 1303 732 1346 suo
761 1281 966 1365 reddidisset,
988 1281 1097 1366 ipsum
1121 1304 1159 1346 ex

151 1369 284 1434 dimidia
310 1375 403 1454 parte
431 1374 464 1435 et
492 1392 530 1434 ex
557 1370 690 1435 dimidia
720 1370 891 1435 coheredes
915 1370 984 1435 eius
1008 1371 1157 1436 condem-

150 1462 274 1523 flarent.

239 1578 276 1636 cf.
299 1577 395 1638 Servii
416 1597 559 1656 responsa
584 1580 634 1640 60.

361 1808 462 1869 Libri
484 1801 577 1892 vl(‘.>)
605 1828 719 1888 usque
741 1810 784 1870 ad
806 1811 942 1869 XXXIII.

583 1944 631 2003 Dc
653 1945 722 2004 dote.

238 2061 290 2126 39.
314 2059 353 2126 D.
368 2063 420 2145 23,
433 2063 466 2146 4,
481 2062 531 2127 79.
567 2061 705 2127 Alfenus
727 2063 810 2127 libro
834 2064 929 2127 tertio
949 2063 1158 2148 Digestorum

54 2199 57 2203 .
151 2171 170 2213 a
188 2148 289 2215 Paulo
308 2150 560 2234 epitomatorum
579 2148 630 2237 (P.
643 2151 710 2234 57).
746 2150 843 2216 Aliud
862 2156 920 2235 est,
941 2152 969 2215 si
987 2157 1082 2235 pater
1100 2175 1158 2237 pro

150 2237 219 2302 filia
247 2239 355 2303 dotem
378 2238 542 2323 promisit,
570 2245 607 2303 ut
629 2261 737 2303 annua
759 2240 847 2304 bima
869 2240 967 2304 trima
989 2242 1160 2324 quadrimo.

151 2327 263 2410 quinto
292 2348 376 2392 auno
400 2327 459 2392 dos
483 2351 502 2392 a
529 2349 563 2392 se
586 2328 784 2413 redderetur,
814 2333 848 2393 et
869 2330 1034 2412 convenit,
1057 2335 1094 2395 ut
1117 2332 1158 2394 is·

151 2414 224 2477 dem
257 2414 368 2480 diebus
401 2415 459 2480 dos
492 2416 599 2480 soluto
632 2415 837 2481 matrimonio
865 2416 1063 2501 redderetur3
1096 2419 1159 2484 hoc

151 2503 237 2566 enim
259 2507 389 2586 pactum
413 2504 460 2568 ita
483 2504 584 2588 valet,
612 2504 640 2568 si
661 2506 749 2588 patri
771 2505 840 2569 filia
861 2505 954 2570 heres
979 2508 1160 2573 exstitisset

153 2595 184 2653 et
206 2591 438 2656 interveniente
462 2613 500 2656 ea
522 2597 652 2676 pactum
676 2598 869 2658 conventum
892 2595 998 2660 fuerit.

238 2711 276 2769 cf.
298 2710 396 2770 Servii
418 2730 560 2787 responsa
585 2714 635 2772 65.

515 2908 563 2968 Dc
585 2909 792 2969 donationibus.

239 3025 290 3090 40.
318 3024 357 3090 D.
372 3025 425 3108 24,
440 3026 468 3104 1,
483 3027 535 3092 38.
572 3025 711 3092 Alfenus
729 3028 812 3092 libro
830 3028 929 3093 tertio
949 3027 1160 3114 Digestorum

152 3112 290 3178 aPaulo
314 3115 564 3199 epitomatorum
584 3112 633 3202 (P.
648 3113 714 3202 59).
752 3113 869 3181 Servus
893 3119 1072 3182 communis
1098 3120 1160 3184 viri

151 3208 183 3266 et
206 3201 317 3268 fratris
341 3204 409 3268 eius
433 3225 568 3288 puerum
592 3204 725 3271 donavit
744 3206 837 3270 uxori
856 3205 976 3270 fratris.
1016 3229 1075 3290 pro
1096 3231 1161 3293 qua

150 3295 242 3375 parte
270 3292 298 3356 is
326 3314 437 3357 servus
465 3293 521 3376 qui
543 3293 696 3358 donasset
718 3293 778 3358 viri
802 3298 899 3372 esset,
923 3318 981 3379 pro
1006 3317 1043 3360 ea
1065 3302 1160 3379 parte

152 3401 266 3444 munus
290 3403 355 3445 uon
378 3403 447 3445 esse
470 3381 591 3446 factum
615 3382 759 3446 mulieris
782 3383 958 3466 respondit.

240 3500 275 3558 cf,
300 3499 397 3561 Servii
419 3519 562 3578 responsa
586 3504 636 3562 69.
