2422 3840
102 164 168 227 244
203 163 263 219 VII.
285 163 420 219 OCTAVI
438 163 536 221 SAEO.
550 165 646 220 IURIS
661 165 837 224 CONSULT.
853 166 929 224 SER.
944 163 1118 225 SECUNDA

528 343 636 401 Liber
657 343 682 402 Ι.

193 455 220 518 1.
253 452 337 517 Fest.
361 449 455 518 29812.
490 488 528 500 -
564 450 793 535 sollistimum,
825 452 888 538 Ap.
911 453 1051 519 Pulcher
1083 457 1119 520 in

104 541 269 626 auguralis
293 541 480 624 disciplinae
503 540 558 607 l.1
580 543 636 623 ait,
659 563 729 606 esse
748 542 925 625 tripudium
944 565 1044 627 quom
1064 547 1118 608 avi

103 630 220 694 excidit
247 651 286 693 ex
314 651 381 714 ore,
410 629 496 714 quod
523 629 579 694 illa
607 630 684 694 fert:
716 652 866 696 saxumve
894 632 1037 697 solidum
1060 640 1118 698 aut

103 720 199 785 arbos
222 719 378 784 viviradix
401 719 475 803 ruit,
498 739 580 802 quae
603 740 663 784 uec
683 741 761 803 prae
780 721 859 784 vitio
879 721 1065 787 humanave
1085 723 1116 787 vi

103 808 330 891 caedanturve,
353 808 565 889 iacianturve,
587 808 797 892 pellanturve.

438 981 488 1039 Ex
511 982 651 1041 incerto
674 954 779 1042 libro.

189 1094 238 1158 2⁸.
270 1089 337 1159 Cic.
358 1092 420 1177 leg.
442 1091 614 1174 2,13,32.
660 1093 694 1155 in
726 1092 862 1178 collegio
891 1097 1000 1159 vestro
1030 1095 1116 1160 inter

101 1181 288 1246 Marcellum
303 1184 336 1244 et
345 1181 497 1265 Appium,
510 1182 649 1265 optimos
660 1201 808 1266 augures,
822 1202 942 1267 magna
954 1183 1115 1249 dissensio

103 1267 195 1358 (nam
218 1291 330 1334 eorum
353 1289 414 1353 ego
437 1269 472 1332 in
494 1269 595 1334 libros
618 1269 744 1354 incidi),
772 1292 845 1335 cum
868 1271 963 1336 alteri
985 1274 1115 1355 placeat

103 1360 248 1443 auspicia
267 1361 332 1422 ista
351 1357 391 1422 ad
409 1357 585 1423 utilitatem
604 1379 674 1422 esse
691 1359 738 1422 rei
756 1359 903 1443 publicas
922 1362 1116 1446 composita,

104 1448 198 1512 alteri
226 1447 398 1532 disciplina
425 1450 534 1511 vestra
562 1447 655 1531 quasi
677 1448 815 1512 divinari
837 1448 986 1514 videatur
1008 1473 1116 1534 posse.

190 1532 241 1602 2¹³.
264 1533 329 1600 Cic.
352 1535 390 1599 de
414 1535 511 1599 divin.
533 1537 569 1620 2,
597 1535 654 1620 35,
684 1535 736 1601 75.
782 1537 928 1620 equidem
952 1540 1117 1605 assentior

102 1623 137 1690 O.
154 1624 307 1690 Marcello
331 1623 438 1708 potius
463 1646 559 1707 quam
583 1624 691 1708 Appio
711 1622 846 1690 Claudio
947 1628 1115 1694 existimo-

102 1735 163 1796 que
185 1713 236 1777 ius
260 1733 431 1798 augurum,
459 1712 522 1778 etsi
545 1713 752 1778 divinationis
777 1715 928 1798 opinione
950 1717 1114 1802 principio

102 1802 317 1867 constitutum
353 1803 410 1887 sit,
450 1807 560 1867 tamen
595 1805 711 1886 postea
747 1805 793 1866 rei
828 1805 977 1888 publicae
1017 1827 1117 1872 causa

102 1895 327 1956 conservatum
350 1913 388 1956 ac
409 1894 580 1956 retentum.

263 2201 304 2282 2.
341 2206 378 2279 0.
406 2203 638 2277 CLAUDIUS
667 2203 951 2279 MARCELLUS

190 2369 248 2410 cos.
272 2351 326 2408 aa
350 2342 476 2427 rosseo
500 2350 553 2407 aue
576 2343 712 2425 vosne.

325 2516 526 2594 Auguralis
550 2516 769 2593 disciplinae
792 2518 888 2577 libri.

190 2624 254 2691 cie.
273 2628 335 2711 leg.
353 2627 515 2711 2,13,32.
556 2627 591 2690 in
613 2628 760 2712 conlegio
784 2632 893 2693 vestro
916 2627 1004 2692 inter
1026 2628 1115 2694 Mar·

101 2714 217 2780 cellum
241 2718 274 2778 et
296 2716 448 2799 Appium,
471 2715 612 2799 optimos
636 2736 784 2801 augures,
807 2739 927 2802 magna
950 2716 1112 2784 dissensio

102 2800 192 2890 (nam
215 2826 326 2869 eorum
349 2825 409 2890 ego
432 2804 468 2868 in
490 2803 592 2869 libros
614 2801 740 2891 incidi),
766 2827 840 2870 cum
864 2806 959 2870 alteri
981 2807 1114 2891 placeat

102 2892 247 2976 auspicia
264 2894 329 2957 ista
347 2893 387 2957 ad
405 2893 581 2958 utilitatem
600 2915 670 2957 esse
688 2894 734 2957 rei
752 2895 901 2979 publicae
920 2897 1113 2982 composita,

101 2981 203 3046 alteri
222 2981 391 3066 disciplina
418 2986 526 3048 vestra
553 2981 646 3066 quasi
670 2981 809 3047 divinari
832 2983 979 3048 videatur
1001 3007 1111 3068 posse.

411 3291 450 3372 3.
487 3295 527 3366 L.
556 3293 793 3367 VALERIUS

189 3461 224 3499 ex
255 3440 383 3518 Apulia·
410 3441 446 3498 ut
478 3438 609 3514 videtur,
642 3441 735 3498 ortus.
790 3438 893 3500 (licere
926 3459 953 3501 a.
981 3436 1110 3520 voos54

90 3528 217 3602 scripsit
243 3522 287 3589 ‘Ia
311 3528 432 3589 Valerio
455 3521 683 3589 iurisconsulto'
712 3520 767 3610 (ad
788 3529 858 3590 fam.
878 3532 912 3605 1Ὶ
931 3522 1002 3608 10),
1029 3530 1112 3589 idem
