2422 3840
295 173 326 224 ‘8.
353 167 508 223 SERVIUS
526 166 709 224 SULPICIUS
727 167 846 224 RUFUS
1013 165 1080 231 205

78 353 151 416 quae
176 354 196 396 a
220 330 332 396 Servio
354 331 540 396 introducta
639 334 699 415 est,
721 335 766 413 ut,
790 332 817 394 si
841 332 1007 396 aversione
1031 332 1079 395 in-

78 421 175 486 sulam
207 421 349 485 locatam
379 421 528 485 dom-inus
556 420 740 501 reficiendo,
771 441 812 484 ne
840 441 878 487 aa
906 420 1080 487 conductor

76 509 136 575 frui
156 509 273 594 posuit,
288 508 445 590 effecerit,
469 509 755 584 animadvertatur,
778 509 958 573 necessario
980 530 1080 574 necne

144 620 228 681 opus
250 598 422 662 demolitus
446 602 504 662 est.

161 687 237 753 120.
255 685 295 752 D.
306 687 356 769 19,
365 687 446 768 aar
454 707 501 768 pr.
527 685 663 749 Alfenus
678 686 761 750 libro
777 684 915 750 secundo
931 684 1080 771 Digesto-

75 799 140 840 rum
156 772 207 863 (P.
219 772 284 862 15).
310 774 522 839 Habitatores
539 796 614 857 non,
633 775 660 837 ei
678 776 775 858 paulo
794 775 900 839 minus
915 774 1080 840 commode

76 865 181 949 aliqua
199 868 292 948 parte
311 863 472 928 caenaculi
487 866 661 945 uterentur,
680 863 790 926 statim
805 863 1026 928 deductionem
1042 885 1080 928 ex

76 952 217 1018 mercede
240 951 346 1018 facere
370 956 512 1035 oportet:
541 973 579 1017 ea
601 952 686 1015 enim
710 950 897 1018 condicione
920 952 1080 1017 habitato·

77 1063 139 1106 rem
164 1063 244 1120 esee,
266 1045 312 1123 ut,
335 1041 363 1104 si
387 1040 463 1124 quid
481 1041 751 1104 transversarium
770 1040 944 1123 incidisset,
968 1063 1080 1124 quam-

78 1132 185 1194 obrem
213 1129 380 1194 dominum
408 1128 531 1213 aliquid
560 1129 707 1193 demoliri
733 1133 911 1213 oporteret,
939 1130 1081 1213 aliquam

77 1223 199 1302 partem
212 1218 384 1301 parvulam
397 1217 594 1282 incommodi
610 1218 783 1281 sustineret
790 1220 810 1298 [ε
825 1218 949 1283 nonita
962 1222 1082 1300 tamen,

78 1311 111 1371 ut
132 1328 205 1372 eam
229 1310 354 1390 partem
374 1305 538 1371 caenaculi
557 1305 704 1371 dominus
724 1305 911 1390 aperuisset,
934 1307 968 1371 in
985 1330 1081 1391 quam

78 1414 229 1482 magnam
251 1401 376 1479 partem
399 1417 478 1458 usae
500 1394 667 1458 habitator
689 1394 848 1476 haberet].

162 1496 362 1561 Tribouianus
390 1497 492 1557 Alfeni
519 1497 684 1556 orationem
715 1497 804 1557 solito
836 1518 918 1558 more
944 1501 1082 1558 mutavit.

78 1587 221 1662 scriptum
242 1587 336 1645 fuisse
359 1590 447 1663 puto:
471 1580 666 1645 ‘habitatores
684 1605 744 1646 non
759 1634 783 1646 ..
799 1587 896 1647 facere
917 1583 1082 1664 oportere'

78 1679 106 1735 et
127 1696 154 1754 q.
175 1694 198 1735 s.
239 1675 356 1734 inclusa
377 1676 471 1735 verba
493 1675 527 1733 A.
546 1675 669 1735 Pernice
691 1678 771 1734 recte
794 1675 872 1736 eicit.

163 1778 237 1848 121.
267 1774 349 1841 Ibid.
369 1780 389 1858 ξ
410 1779 427 1841 1
452 1774 501 1863 (P.
522 1773 586 1862 15).
631 1774 755 1841 Iterum
781 1777 1002 1862 interrogatus
1026 1783 1083 1861 est,

78 1867 103 1930 si
129 1866 202 1951 quis
230 1865 358 1930 timoris
386 1887 482 1930 causa
513 1867 715 1948 emigrasset,
749 1865 878 1928 deberet
905 1868 1083 1931 mercedem

77 1977 182 2021 necne.
206 1956 383 2038 respondit,
397 1955 425 2019 si
438 1976 535 2019 causa
549 1953 673 2035 fuisset,
687 1975 745 2017 cur
755 1953 932 2036 perieulum
945 1955 1083 2039 timeret,

78 2040 225 2128 quamvis
245 2044 423 2127 periculum
441 2065 514 2108 vere
533 2064 596 2107 non
617 2041 743 2121 fuisset,
760 2048 869 2104 tamen
888 2063 951 2106 non
970 2042 1083 2107 debere

77 2133 270 2197 mercedem:
289 2132 343 2196 sed
360 2133 387 2195 si
401 2154 498 2196 causa
512 2131 639 2194 timoris
657 2131 743 2194 iusta
756 2151 823 2194 non
837 2129 962 2213 fuisset,
980 2131 1082 2197 nihilo

70 2222 183 2286 'minus
208 2220 332 2284 debere.

164 2313 262 2373 Schol
272 2314 310 2373 ad
316 2313 409 2373 Basil.
417 2315 467 2386 20,
475 2316 503 2389 1,
510 2316 549 2373 27
560 2312 697 2372 Servium
703 2313 922 2391 interrogatum
930 2331 994 2372 esse
1002 2313 1084 2372 dicit.

411 2456 455 2510 De
476 2457 581 2511 balneis
598 2458 747 2511 conductis.

167 2557 239 2621 122.
268 2556 308 2621 D.
329 2557 424 2638 19,,2
444 2557 540 2639 30,1.
580 2556 670 2621 Idem
691 2553 855 2642 (Alfenus)
879 2556 964 2623 libro
987 2559 1084 2624 tertio

77 2644 287 2748 Digestorum
316 2667 335 2708 a
361 2605 462 2710 Padlo
491 2646 648 2728 epitomat
650 2667 741 2710 orum
770 2642 819 2731 (P.
843 2644 909 2733 54).
960 2648 1085 2712 Aedilis

77 2736 110 2800 in
127 2734 304 2818 municipio
321 2734 455 2797 balneas
475 2735 681 2812 conduxerat,
700 2739 736 2797 ut
754 2757 791 2798 eo
807 2756 892 2798 anno
907 2736 1085 2818 municipes

78 2824 181 2908 gratis
213 2822 406 2887 lavarentur.
456 2826 532 2906 post
564 2825 629 2886 tres
662 2844 788 2886 menses
820 2823 967 2890 incendio
999 2825 1085 2890 facto

77 2912 245 2997 respondit
271 2933 367 2995 posse
397 2915 451 2994 agi
478 2934 549 2975 cum
578 2911 764 2974 balneatore
788 2932 826 2974 ex
850 2912 988 2977 conduct
974 2916 1022 2995 to,
1050 2918 1086 2977 ut

76 3023 135 3085 pro
150 3001 300 3086 portione
315 3000 481 3083 temporis,
496 3022 559 3083 quo
572 2999 769 3063 lavationem
780 3020 846 3063 non
860 3002 1085 3083 praestitisset,

71 3090 233 3174 pecuniae
256 3088 452 3153 contributio
475 3088 576 3152 fieret.

168 3192 203 3250 cf.
229 3189 301 3251 CIL.
321 3188 357 3267 V,
378 3191 455 3250 376:
488 3190 599 3250 colonis
625 3189 731 3249 incolis
758 3189 923 3266 peregrinis
950 3191 1086 3250 lavandis

79 3280 174 3358 gratis
194 3274 345 3362 d(ecreto)
365 3270 589 3360 d(ecurionum)
608 3270 762 3357 p(ecunia)
781 3270 931 3359 p(ublica)
946 3278 1085 3353 positum.

247 3423 291 3476 Da
309 3423 391 3476 malis
409 3423 446 3476 cd
464 3428 565 3478 certam
579 3423 689 3491 pendas
707 3423 797 3477 oneris
816 3423 918 3477 locata

168 3549 196 3588 r.
213 3528 295 3588 iufra
317 3521 364 3586 ‘de
388 3527 495 3587 damno
518 3527 630 3587 iniuria
653 3520 747 3591 dato’.
