<?xml version="1.0" encoding="UTF-8"?>
<!DOCTYPE html PUBLIC "-//W3C//DTD XHTML 1.0 Transitional//EN"
    "http://www.w3.org/TR/xhtml1/DTD/xhtml1-transitional.dtd">
<html xmlns="http://www.w3.org/1999/xhtml" xml:lang="en" lang="en">
 <head>
  <title>
</title>
<meta http-equiv="Content-Type" content="text/html;charset=utf-8" />
  <meta name='ocr-system' content='tesseract 3.04.00' />
  <meta name='ocr-capabilities' content='ocr_page ocr_carea ocr_par ocr_line ocrx_word'/>
</head>
<body>
  <div class='ocr_page' id='page_1' title='image "./iurisprudentiae00bremgoog_0373.png"; bbox 0 0 2422 3840; ppageno 0'>
   <div class='ocr_carea' id='block_1_1' title="bbox 123 149 1136 216">
    <p class='ocr_par' dir='ltr' id='par_1_1' title="bbox 123 149 1136 216">
     <span class='ocr_line' id='line_1_1' title="bbox 123 149 1136 216; baseline 0.001 -9"><span class='ocrx_word' id='word_1_1' title='bbox 123 151 190 216; x_wconf 85' lang='lat'>360</span> <span class='ocrx_word' id='word_1_2' title='bbox 216 150 288 206; x_wconf 88' lang='lat' dir='ltr'><strong>VIII.</strong></span> <span class='ocrx_word' id='word_1_3' title='bbox 305 149 440 206; x_wconf 81' lang='lat' dir='ltr'>OCTAVI</span> <span class='ocrx_word' id='word_1_4' title='bbox 455 149 554 208; x_wconf 81' lang='lat' dir='ltr'>SAEC.</span> <span class='ocrx_word' id='word_1_5' title='bbox 564 151 660 208; x_wconf 83' lang='lat' dir='ltr'><strong>IURIS</strong></span> <span class='ocrx_word' id='word_1_6' title='bbox 677 151 852 210; x_wconf 84' lang='lat' dir='ltr'>CONSULT.</span> <span class='ocrx_word' id='word_1_7' title='bbox 863 153 987 208; x_wconf 75' lang='lat' dir='ltr'>sanias</span> <span class='ocrx_word' id='word_1_8' title='bbox 1002 152 1136 208; x_wconf 82' lang='lat' dir='ltr'>TFRTIA</span> 
     </span>
    </p>
   </div>
   <div class='ocr_carea' id='block_1_2' title="bbox 123 317 1138 398">
    <p class='ocr_par' dir='ltr' id='par_1_2' title="bbox 123 317 1138 398">
     <span class='ocr_line' id='line_1_2' title="bbox 123 317 1138 398; baseline 0.004 -20"><span class='ocrx_word' id='word_1_9' title='bbox 123 320 205 380; x_wconf 87' lang='lat' dir='ltr'>ronis</span> <span class='ocrx_word' id='word_1_10' title='bbox 230 319 409 379; x_wconf 87' lang='lat' dir='ltr'>sententiam</span> <span class='ocrx_word' id='word_1_11' title='bbox 430 319 583 380; x_wconf 82' lang='lat' dir='ltr'>voluntati</span> <span class='ocrx_word' id='word_1_12' title='bbox 604 318 737 380; x_wconf 76' lang='lat' dir='ltr'><strong>defuncti</strong></span> <span class='ocrx_word' id='word_1_13' title='bbox 756 321 852 398; x_wconf 83' lang='lat' dir='ltr'>magis</span> <span class='ocrx_word' id='word_1_14' title='bbox 869 324 944 396; x_wconf 87' lang='lat' dir='ltr'>puto</span> <span class='ocrx_word' id='word_1_15' title='bbox 963 317 1138 382; x_wconf 82' lang='lat' dir='ltr'>convenire&#39;</span> 
     </span>
    </p>
   </div>
   <div class='ocr_carea' id='block_1_3' title="bbox 123 402 1139 580">
    <p class='ocr_par' dir='ltr' id='par_1_3' title="bbox 123 402 1139 580">
     <span class='ocr_line' id='line_1_3' title="bbox 124 402 1139 489; baseline 0.005 -23"><span class='ocrx_word' id='word_1_16' title='bbox 124 408 160 468; x_wconf 90' lang='lat' dir='ltr'>D.</span> <span class='ocrx_word' id='word_1_17' title='bbox 176 411 227 486; x_wconf 97' lang='grc'>32,</span> <span class='ocrx_word' id='word_1_18' title='bbox 242 410 324 483; x_wconf 88' lang='grc'><strong>29,4</strong></span> <span class='ocrx_word' id='word_1_19' title='bbox 347 408 379 468; x_wconf 92' lang='lat' dir='ltr'>P.</span> <span class='ocrx_word' id='word_1_20' title='bbox 399 411 472 482; x_wconf 83' lang='lat'>174,</span> <span class='ocrx_word' id='word_1_21' title='bbox 496 402 614 467; x_wconf 75' lang='lat' dir='ltr'>‘Ofilius</span> <span class='ocrx_word' id='word_1_22' title='bbox 638 408 800 469; x_wconf 78' lang='lat' dir='ltr'><strong>Cascellius</strong></span> <span class='ocrx_word' id='word_1_23' title='bbox 824 409 943 470; x_wconf 82' lang='lat' dir='ltr'>Tubero</span> <span class='ocrx_word' id='word_1_24' title='bbox 963 456 991 470; x_wconf 89' lang='lat'>..</span> <span class='ocrx_word' id='word_1_25' title='bbox 1011 415 1139 489; x_wconf 68' lang='lat' dir='ltr'>putant,</span> 
     </span>
     <span class='ocr_line' id='line_1_4' title="bbox 123 491 1137 580; baseline 0.005 -24"><span class='ocrx_word' id='word_1_26' title='bbox 123 497 224 557; x_wconf 89' lang='lat' dir='ltr'>Labeo</span> <span class='ocrx_word' id='word_1_27' title='bbox 252 496 284 555; x_wconf 93' lang='lat' dir='ltr'>id</span> <span class='ocrx_word' id='word_1_28' title='bbox 313 497 421 572; x_wconf 86' lang='lat' dir='ltr'>probat</span> <span class='ocrx_word' id='word_1_29' title='bbox 447 496 538 573; x_wconf 90' lang='lat' dir='ltr'>idque</span> <span class='ocrx_word' id='word_1_30' title='bbox 561 516 666 558; x_wconf 84' lang='lat' dir='ltr'>verum</span> <span class='ocrx_word' id='word_1_31' title='bbox 689 491 745 557; x_wconf 88' lang='lat' dir='ltr'>est’</span> <span class='ocrx_word' id='word_1_32' title='bbox 770 498 805 559; x_wconf 91' lang='lat' dir='ltr'>D.</span> <span class='ocrx_word' id='word_1_33' title='bbox 825 501 876 574; x_wconf 83' lang='lat'>33,</span> <span class='ocrx_word' id='word_1_34' title='bbox 897 502 925 575; x_wconf 91' lang='grc'>6,</span> <span class='ocrx_word' id='word_1_35' title='bbox 947 502 964 558; x_wconf 83' lang='grc'>7</span> <span class='ocrx_word' id='word_1_36' title='bbox 991 499 1024 560; x_wconf 91' lang='lat' dir='ltr'>P.</span> <span class='ocrx_word' id='word_1_37' title='bbox 1046 495 1137 580; x_wconf 84' lang='grc'><strong>180).</strong></span> 
     </span>
    </p>
   </div>
   <div class='ocr_carea' id='block_1_4' title="bbox 504 727 750 804">
    <p class='ocr_par' dir='ltr' id='par_1_4' title="bbox 504 727 750 804">
     <span class='ocr_line' id='line_1_5' title="bbox 504 727 750 804; baseline 0.012 -19"><span class='ocrx_word' id='word_1_38' title='bbox 504 727 527 786; x_wconf 95' lang='grc' dir='ltr'>Ι.</span> <span class='ocrx_word' id='word_1_39' title='bbox 558 727 750 804; x_wconf 81' lang='lat' dir='ltr'>Responsa.</span> 
     </span>
    </p>
   </div>
   <div class='ocr_carea' id='block_1_5' title="bbox 126 850 1139 1021">
    <p class='ocr_par' dir='ltr' id='par_1_5' title="bbox 126 850 1139 1021">
     <span class='ocr_line' id='line_1_6' title="bbox 212 850 1139 931; baseline 0.004 -20"><span class='ocrx_word' id='word_1_40' title='bbox 212 851 280 911; x_wconf 89' lang='lat' dir='ltr'>Non</span> <span class='ocrx_word' id='word_1_41' title='bbox 303 852 367 927; x_wconf 89' lang='lat' dir='ltr'>ipse</span> <span class='ocrx_word' id='word_1_42' title='bbox 391 850 521 928; x_wconf 84' lang='lat' dir='ltr'>collegit,</span> <span class='ocrx_word' id='word_1_43' title='bbox 545 851 596 910; x_wconf 89' lang='lat' dir='ltr'>sed</span> <span class='ocrx_word' id='word_1_44' title='bbox 617 852 726 931; x_wconf 82' lang='lat' dir='ltr'>Labeo,</span> <span class='ocrx_word' id='word_1_45' title='bbox 749 856 784 912; x_wconf 89' lang='lat' dir='ltr'>ut</span> <span class='ocrx_word' id='word_1_46' title='bbox 806 853 935 915; x_wconf 85' lang='lat' dir='ltr'>videtur.</span> <span class='ocrx_word' id='word_1_47' title='bbox 977 855 1012 914; x_wconf 82' lang='lat' dir='ltr'>cf.</span> <span class='ocrx_word' id='word_1_48' title='bbox 1032 855 1068 914; x_wconf 91' lang='lat' dir='ltr'>D.</span> <span class='ocrx_word' id='word_1_49' title='bbox 1084 857 1139 928; x_wconf 89' lang='grc'>32,</span> 
     </span>
     <span class='ocr_line' id='line_1_7' title="bbox 126 940 975 1021; baseline 0.002 -21"><span class='ocrx_word' id='word_1_50' title='bbox 126 943 177 1017; x_wconf 84' lang='grc'>29,</span> <span class='ocrx_word' id='word_1_51' title='bbox 191 942 225 1019; x_wconf 68' lang='grc'><strong>4,</strong></span> <span class='ocrx_word' id='word_1_52' title='bbox 248 941 284 1000; x_wconf 91' lang='lat' dir='ltr'>D.</span> <span class='ocrx_word' id='word_1_53' title='bbox 301 943 351 1018; x_wconf 89' lang='lat'>33,</span> <span class='ocrx_word' id='word_1_54' title='bbox 367 943 396 1015; x_wconf 89' lang='grc'>6,</span> <span class='ocrx_word' id='word_1_55' title='bbox 412 944 445 1017; x_wconf 78' lang='lat'>73</span> <span class='ocrx_word' id='word_1_56' title='bbox 468 940 504 999; x_wconf 90' lang='lat' dir='ltr'>D.</span> <span class='ocrx_word' id='word_1_57' title='bbox 519 941 571 1018; x_wconf 87' lang='grc'>33,</span> <span class='ocrx_word' id='word_1_58' title='bbox 588 944 615 1016; x_wconf 83' lang='grc'>7,</span> <span class='ocrx_word' id='word_1_59' title='bbox 630 943 738 1018; x_wconf 72' lang='grc'><strong>2511,</strong></span> <span class='ocrx_word' id='word_1_60' title='bbox 761 942 797 1001; x_wconf 90' lang='lat' dir='ltr'>D.</span> <span class='ocrx_word' id='word_1_61' title='bbox 814 945 864 1021; x_wconf 91' lang='grc'><strong>18,</strong></span> <span class='ocrx_word' id='word_1_62' title='bbox 881 946 908 1019; x_wconf 91' lang='grc'>1,</span> <span class='ocrx_word' id='word_1_63' title='bbox 925 946 975 1002; x_wconf 82' lang='grc'>71.</span> 
     </span>
    </p>
   </div>
   <div class='ocr_carea' id='block_1_6' title="bbox 312 1136 853 1323">
    <p class='ocr_par' dir='ltr' id='par_1_6' title="bbox 312 1136 853 1323">
     <span class='ocr_line' id='line_1_8' title="bbox 540 1136 717 1210; baseline 0 -16"><span class='ocrx_word' id='word_1_64' title='bbox 540 1136 587 1194; x_wconf 89' lang='lat' dir='ltr'>De</span> <span class='ocrx_word' id='word_1_65' title='bbox 609 1137 717 1210; x_wconf 76' lang='lat' dir='ltr'>lepctc‘s.</span> 
     </span>
     <span class='ocr_line' id='line_1_9' title="bbox 312 1248 853 1323; baseline 0.002 -18"><span class='ocrx_word' id='word_1_66' title='bbox 312 1248 314 1252; x_wconf 79' lang='grc'><strong>’</strong></span> <span class='ocrx_word' id='word_1_67' title='bbox 400 1252 443 1306; x_wconf 90' lang='lat' dir='ltr'>De</span> <span class='ocrx_word' id='word_1_68' title='bbox 460 1253 545 1320; x_wconf 78' lang='lat' dir='ltr'>fundi</span> <span class='ocrx_word' id='word_1_69' title='bbox 562 1253 740 1308; x_wconf 80' lang='lat' dir='ltr'>iustrumeuto</span> <span class='ocrx_word' id='word_1_70' title='bbox 760 1254 853 1323; x_wconf 69' lang='lat' dir='ltr'>Docto.</span> 
     </span>
    </p>
   </div>
   <div class='ocr_carea' id='block_1_7' title="bbox 126 1361 1138 1711">
    <p class='ocr_par' dir='ltr' id='par_1_7' title="bbox 126 1361 1138 1711">
     <span class='ocr_line' id='line_1_10' title="bbox 218 1361 1137 1445; baseline 0.003 -20"><span class='ocrx_word' id='word_1_71' title='bbox 218 1364 244 1427; x_wconf 92' lang='lat'>1.</span> <span class='ocrx_word' id='word_1_72' title='bbox 272 1361 311 1425; x_wconf 95' lang='lat' dir='ltr'>D.</span> <span class='ocrx_word' id='word_1_73' title='bbox 331 1362 387 1445; x_wconf 87' lang='grc'><strong>33,</strong></span> <span class='ocrx_word' id='word_1_74' title='bbox 407 1362 439 1445; x_wconf 82' lang='grc'>7,</span> <span class='ocrx_word' id='word_1_75' title='bbox 462 1361 568 1445; x_wconf 74' lang='grc'><strong>2511.</strong></span> <span class='ocrx_word' id='word_1_76' title='bbox 618 1361 789 1428; x_wconf 86' lang='lat' dir='ltr'>levclenus</span> <span class='ocrx_word' id='word_1_77' title='bbox 817 1362 901 1427; x_wconf 90' lang='lat' dir='ltr'>libro</span> <span class='ocrx_word' id='word_1_78' title='bbox 930 1361 1069 1427; x_wconf 89' lang='lat' dir='ltr'>secundo</span> <span class='ocrx_word' id='word_1_79' title='bbox 1098 1385 1137 1428; x_wconf 84' lang='lat' dir='ltr'>ex</span> 
     </span>
     <span class='ocr_line' id='line_1_11' title="bbox 126 1448 1136 1536; baseline 0 -20"><span class='ocrx_word' id='word_1_80' title='bbox 126 1450 361 1536; x_wconf 72' lang='lat' dir='ltr'>posterioribus</span> <span class='ocrx_word' id='word_1_81' title='bbox 389 1449 549 1514; x_wconf 79' lang='lat' dir='ltr'>Labeonis</span> <span class='ocrx_word' id='word_1_82' title='bbox 577 1448 624 1533; x_wconf 78' lang='lat' dir='ltr'>(P.</span> <span class='ocrx_word' id='word_1_83' title='bbox 645 1448 734 1536; x_wconf 91' lang='grc'><strong>182).</strong></span> <span class='ocrx_word' id='word_1_84' title='bbox 784 1451 888 1515; x_wconf 84' lang='lat' dir='ltr'>Fundi</span> <span class='ocrx_word' id='word_1_85' title='bbox 920 1452 1136 1516; x_wconf 83' lang='lat' dir='ltr'>instrumento</span> 
     </span>
     <span class='ocr_line' id='line_1_12' title="bbox 128 1537 1138 1625; baseline 0.001 -21"><span class='ocrx_word' id='word_1_86' title='bbox 128 1541 237 1624; x_wconf 78' lang='lat' dir='ltr'>legato</span> <span class='ocrx_word' id='word_1_87' title='bbox 256 1539 289 1603; x_wconf 91' lang='lat' dir='ltr'>id</span> <span class='ocrx_word' id='word_1_88' title='bbox 307 1560 405 1622; x_wconf 88' lang='lat' dir='ltr'>pecus</span> <span class='ocrx_word' id='word_1_89' title='bbox 425 1537 534 1603; x_wconf 85' lang='lat' dir='ltr'>cedere</span> <span class='ocrx_word' id='word_1_90' title='bbox 553 1539 690 1622; x_wconf 86' lang='lat' dir='ltr'>putabat</span> <span class='ocrx_word' id='word_1_91' title='bbox 709 1541 844 1625; x_wconf 86' lang='lat' dir='ltr'>Tubero,</span> <span class='ocrx_word' id='word_1_92' title='bbox 865 1540 950 1624; x_wconf 91' lang='lat' dir='ltr'>quod</span> <span class='ocrx_word' id='word_1_93' title='bbox 969 1541 996 1604; x_wconf 90' lang='lat' dir='ltr'>is</span> <span class='ocrx_word' id='word_1_94' title='bbox 1015 1540 1138 1605; x_wconf 89' lang='lat' dir='ltr'>fundus</span> 
     </span>
     <span class='ocr_line' id='line_1_13' title="bbox 128 1627 478 1711; baseline -0.003 -18"><span class='ocrx_word' id='word_1_95' title='bbox 128 1629 288 1693; x_wconf 89' lang='lat' dir='ltr'>sustinere</span> <span class='ocrx_word' id='word_1_96' title='bbox 311 1627 478 1711; x_wconf 85' lang='lat' dir='ltr'>potuisset.</span> 
     </span>
    </p>
   </div>
   <div class='ocr_carea' id='block_1_8' title="bbox 179 1794 1083 1864">
    <p class='ocr_par' dir='ltr' id='par_1_8' title="bbox 179 1794 1083 1864">
     <span class='ocr_line' id='line_1_14' title="bbox 179 1794 1083 1864; baseline 0.001 -17"><span class='ocrx_word' id='word_1_97' title='bbox 179 1794 223 1848; x_wconf 92' lang='lat' dir='ltr'>De</span> <span class='ocrx_word' id='word_1_98' title='bbox 240 1795 306 1849; x_wconf 81' lang='lat' dir='ltr'>cluo</span> <span class='ocrx_word' id='word_1_99' title='bbox 323 1795 381 1848; x_wconf 88' lang='lat' dir='ltr'>oleo</span> <span class='ocrx_word' id='word_1_100' title='bbox 398 1794 535 1861; x_wconf 74' lang='grc'><strong>[1111111111</strong></span> <span class='ocrx_word' id='word_1_101' title='bbox 555 1800 628 1849; x_wconf 83' lang='lat' dir='ltr'>aceto</span> <span class='ocrx_word' id='word_1_102' title='bbox 647 1794 772 1848; x_wconf 78' lang='lat' dir='ltr'>mellitus</span> <span class='ocrx_word' id='word_1_103' title='bbox 790 1794 960 1848; x_wconf 75' lang='lat' dir='ltr'>salsamentis</span> <span class='ocrx_word' id='word_1_104' title='bbox 979 1795 1083 1864; x_wconf 75' lang='lat' dir='ltr'>tepetis.</span> 
     </span>
    </p>
   </div>
   <div class='ocr_carea' id='block_1_9' title="bbox 126 1901 1155 2608">
    <p class='ocr_par' dir='ltr' id='par_1_9' title="bbox 126 1901 1155 2608">
     <span class='ocr_line' id='line_1_15' title="bbox 216 1901 1141 1986; baseline 0 -18"><span class='ocrx_word' id='word_1_105' title='bbox 216 1905 246 1968; x_wconf 93' lang='grc'>2.</span> <span class='ocrx_word' id='word_1_106' title='bbox 269 1902 307 1968; x_wconf 92' lang='lat' dir='ltr'>D.</span> <span class='ocrx_word' id='word_1_107' title='bbox 328 1904 379 1986; x_wconf 87' lang='grc'><strong>33,</strong></span> <span class='ocrx_word' id='word_1_108' title='bbox 398 1904 428 1985; x_wconf 90' lang='grc'><strong>6,</strong></span> <span class='ocrx_word' id='word_1_109' title='bbox 448 1904 476 1967; x_wconf 82' lang='grc'>1.</span> <span class='ocrx_word' id='word_1_110' title='bbox 512 1901 683 1968; x_wconf 79' lang='lat' dir='ltr'>Iavolenus</span> <span class='ocrx_word' id='word_1_111' title='bbox 707 1904 790 1968; x_wconf 90' lang='lat' dir='ltr'>libro</span> <span class='ocrx_word' id='word_1_112' title='bbox 811 1904 950 1983; x_wconf 85' lang='lat' dir='ltr'>seeundo</span> <span class='ocrx_word' id='word_1_113' title='bbox 970 1925 1008 1968; x_wconf 84' lang='lat' dir='ltr'>ex</span> <span class='ocrx_word' id='word_1_114' title='bbox 1030 1909 1141 1986; x_wconf 89' lang='lat' dir='ltr'>poste·</span> 
     </span>
     <span class='ocr_line' id='line_1_16' title="bbox 127 1988 1139 2078; baseline 0.001 -22"><span class='ocrx_word' id='word_1_115' title='bbox 127 1992 269 2057; x_wconf 88' lang='lat' dir='ltr'>rioribus</span> <span class='ocrx_word' id='word_1_116' title='bbox 293 1991 452 2056; x_wconf 83' lang='lat' dir='ltr'>Labeonis</span> <span class='ocrx_word' id='word_1_117' title='bbox 477 1988 526 2076; x_wconf 88' lang='lat' dir='ltr'>(P.</span> <span class='ocrx_word' id='word_1_118' title='bbox 542 1989 630 2078; x_wconf 85' lang='lat'>180).</span> <span class='ocrx_word' id='word_1_119' title='bbox 672 1991 808 2067; x_wconf 82' lang='lat' dir='ltr'>Quidam</span> <span class='ocrx_word' id='word_1_120' title='bbox 832 1991 981 2056; x_wconf 88' lang='lat' dir='ltr'>heredem</span> <span class='ocrx_word' id='word_1_121' title='bbox 1005 1993 1139 2057; x_wconf 91' lang='lat' dir='ltr'>damna·</span> 
     </span>
     <span class='ocr_line' id='line_1_17' title="bbox 126 2080 1137 2149; baseline -0.001 -4"><span class='ocrx_word' id='word_1_122' title='bbox 126 2085 219 2145; x_wconf 80' lang='lat' dir='ltr'>verat</span> <span class='ocrx_word' id='word_1_123' title='bbox 237 2081 313 2145; x_wconf 88' lang='lat' dir='ltr'>dare</span> <span class='ocrx_word' id='word_1_124' title='bbox 331 2080 425 2145; x_wconf 86' lang='lat' dir='ltr'>uxori</span> <span class='ocrx_word' id='word_1_125' title='bbox 444 2101 520 2144; x_wconf 91' lang='lat' dir='ltr'>suae</span> <span class='ocrx_word' id='word_1_126' title='bbox 538 2083 649 2146; x_wconf 86' lang='lat' dir='ltr'>vinum</span> <span class='ocrx_word' id='word_1_127' title='bbox 669 2081 773 2146; x_wconf 91' lang='lat' dir='ltr'>oleum</span> <span class='ocrx_word' id='word_1_128' title='bbox 792 2081 989 2149; x_wconf 84' lang='lat' dir='ltr'>frumentum</span> <span class='ocrx_word' id='word_1_129' title='bbox 1010 2085 1137 2145; x_wconf 91' lang='lat' dir='ltr'>acetum</span> 
     </span>
     <span class='ocr_line' id='line_1_18' title="bbox 127 2167 1138 2252; baseline 0 -18"><span class='ocrx_word' id='word_1_130' title='bbox 127 2170 226 2234; x_wconf 91' lang='lat' dir='ltr'>mella</span> <span class='ocrx_word' id='word_1_131' title='bbox 249 2171 454 2236; x_wconf 86' lang='lat' dir='ltr'>salsamenta.</span> <span class='ocrx_word' id='word_1_132' title='bbox 491 2167 662 2234; x_wconf 76' lang='lat' dir='ltr'>Trebatius</span> <span class='ocrx_word' id='word_1_133' title='bbox 687 2169 794 2234; x_wconf 89' lang='lat' dir='ltr'>aiebat</span> <span class='ocrx_word' id='word_1_134' title='bbox 817 2192 855 2232; x_wconf 84' lang='lat' dir='ltr'>ex</span> <span class='ocrx_word' id='word_1_135' title='bbox 879 2168 1017 2252; x_wconf 85' lang='lat' dir='ltr'>singulis</span> <span class='ocrx_word' id='word_1_136' title='bbox 1040 2171 1138 2234; x_wconf 88' lang='lat' dir='ltr'>rebus</span> 
     </span>
     <span class='ocr_line' id='line_1_19' title="bbox 126 2257 1139 2342; baseline -0.001 -19"><span class='ocrx_word' id='word_1_137' title='bbox 126 2281 194 2323; x_wconf 92' lang='lat' dir='ltr'>non</span> <span class='ocrx_word' id='word_1_138' title='bbox 220 2259 359 2342; x_wconf 90' lang='lat' dir='ltr'>amplius</span> <span class='ocrx_word' id='word_1_139' title='bbox 378 2258 496 2341; x_wconf 87' lang='lat' dir='ltr'>deberi,</span> <span class='ocrx_word' id='word_1_140' title='bbox 514 2278 611 2340; x_wconf 87' lang='lat' dir='ltr'>quarn</span> <span class='ocrx_word' id='word_1_141' title='bbox 631 2264 787 2342; x_wconf 88' lang='lat' dir='ltr'>quantum</span> <span class='ocrx_word' id='word_1_142' title='bbox 805 2257 897 2322; x_wconf 89' lang='lat' dir='ltr'>heres</span> <span class='ocrx_word' id='word_1_143' title='bbox 917 2258 1046 2321; x_wconf 89' lang='lat' dir='ltr'>mulieri</span> <span class='ocrx_word' id='word_1_144' title='bbox 1061 2257 1139 2322; x_wconf 89' lang='lat' dir='ltr'>dare</span> 
     </span>
     <span class='ocr_line' id='line_1_20' title="bbox 127 2346 1139 2431; baseline 0 -20"><span class='ocrx_word' id='word_1_145' title='bbox 127 2347 297 2429; x_wconf 86' lang='lat' dir='ltr'>voluisset,</span> <span class='ocrx_word' id='word_1_146' title='bbox 325 2347 476 2431; x_wconf 89' lang='lat' dir='ltr'>quoniam</span> <span class='ocrx_word' id='word_1_147' title='bbox 505 2368 569 2410; x_wconf 91' lang='lat' dir='ltr'>non</span> <span class='ocrx_word' id='word_1_148' title='bbox 599 2346 758 2410; x_wconf 85' lang='lat' dir='ltr'>adiectum</span> <span class='ocrx_word' id='word_1_149' title='bbox 789 2350 887 2429; x_wconf 85' lang='lat' dir='ltr'>esset,</span> <span class='ocrx_word' id='word_1_150' title='bbox 919 2351 1075 2430; x_wconf 83' lang='lat' dir='ltr'>quantum</span> <span class='ocrx_word' id='word_1_151' title='bbox 1100 2370 1139 2411; x_wconf 86' lang='lat' dir='ltr'>ex</span> 
     </span>
     <span class='ocr_line' id='line_1_21' title="bbox 129 2433 1155 2520; baseline -0.004 -21"><span class='ocrx_word' id='word_1_152' title='bbox 129 2457 255 2520; x_wconf 88' lang='lat' dir='ltr'>quaque</span> <span class='ocrx_word' id='word_1_153' title='bbox 282 2457 316 2499; x_wconf 91' lang='lat' dir='ltr'>re</span> <span class='ocrx_word' id='word_1_154' title='bbox 345 2435 482 2500; x_wconf 86' lang='lat' dir='ltr'>daretur.</span> <span class='ocrx_word' id='word_1_155' title='bbox 528 2434 641 2500; x_wconf 90' lang='lat' dir='ltr'>Ofilius</span> <span class='ocrx_word' id='word_1_156' title='bbox 670 2433 847 2500; x_wconf 78' lang='lat' dir='ltr'>Cascellius</span> <span class='ocrx_word' id='word_1_157' title='bbox 876 2434 1004 2500; x_wconf 84' lang='lat' dir='ltr'>Tubero</span> <span class='ocrx_word' id='word_1_158' title='bbox 1033 2456 1155 2518; x_wconf 76' lang='lat' dir='ltr'>omne„</span> 
     </span>
     <span class='ocr_line' id='line_1_22' title="bbox 128 2523 1100 2608; baseline 0 -21"><span class='ocrx_word' id='word_1_159' title='bbox 128 2530 285 2607; x_wconf 87' lang='lat' dir='ltr'>quantum</span> <span class='ocrx_word' id='word_1_160' title='bbox 308 2523 566 2607; x_wconf 86' lang='lat' dir='ltr'>paterfamilias</span> <span class='ocrx_word' id='word_1_161' title='bbox 589 2523 782 2608; x_wconf 88' lang='lat' dir='ltr'>reliquisset,</span> <span class='ocrx_word' id='word_1_162' title='bbox 805 2526 949 2607; x_wconf 82' lang='lat' dir='ltr'>legatum</span> <span class='ocrx_word' id='word_1_163' title='bbox 971 2528 1100 2608; x_wconf 88' lang='lat' dir='ltr'>putant.</span> 
     </span>
    </p>
   </div>
   <div class='ocr_carea' id='block_1_10' title="bbox 463 2689 798 2760">
    <p class='ocr_par' dir='ltr' id='par_1_10' title="bbox 463 2689 798 2760">
     <span class='ocr_line' id='line_1_23' title="bbox 463 2689 798 2760; baseline 0.009 -17"><span class='ocrx_word' id='word_1_164' title='bbox 463 2689 507 2744; x_wconf 88' lang='lat' dir='ltr'>Dc</span> <span class='ocrx_word' id='word_1_165' title='bbox 524 2690 685 2758; x_wconf 75' lang='lat' dir='ltr'>supellectili</span> <span class='ocrx_word' id='word_1_166' title='bbox 703 2692 798 2760; x_wconf 76' lang='lat' dir='ltr'>lepoto.</span> 
     </span>
    </p>
   </div>
   <div class='ocr_carea' id='block_1_11' title="bbox 120 2796 1144 3596">
    <p class='ocr_par' dir='ltr' id='par_1_11' title="bbox 128 2796 1144 3397">
     <span class='ocr_line' id='line_1_24' title="bbox 218 2796 1140 2884; baseline 0.002 -22"><span class='ocrx_word' id='word_1_167' title='bbox 218 2799 247 2862; x_wconf 91' lang='grc'>3.</span> <span class='ocrx_word' id='word_1_168' title='bbox 275 2796 314 2862; x_wconf 92' lang='lat' dir='ltr'>D.</span> <span class='ocrx_word' id='word_1_169' title='bbox 329 2799 370 2863; x_wconf 85' lang='lat'>33</span> <span class='ocrx_word' id='word_1_170' title='bbox 378 2848 387 2881; x_wconf 93' lang='lat'>,</span> <span class='ocrx_word' id='word_1_171' title='bbox 408 2799 464 2880; x_wconf 90' lang='grc'>10,</span> <span class='ocrx_word' id='word_1_172' title='bbox 485 2800 514 2884; x_wconf 82' lang='grc'>’1,</span> <span class='ocrx_word' id='word_1_173' title='bbox 545 2802 571 2863; x_wconf 94' lang='grc'>1.</span> <span class='ocrx_word' id='word_1_174' title='bbox 599 2800 628 2864; x_wconf 88' lang='grc'>2.</span> <span class='ocrx_word' id='word_1_175' title='bbox 675 2798 788 2864; x_wconf 84' lang='lat' dir='ltr'>Celsus</span> <span class='ocrx_word' id='word_1_176' title='bbox 812 2799 895 2864; x_wconf 92' lang='lat' dir='ltr'>libro</span> <span class='ocrx_word' id='word_1_177' title='bbox 915 2801 1028 2865; x_wconf 75' lang='grc'><strong>1111111111</strong></span> <span class='ocrx_word' id='word_1_178' title='bbox 1051 2821 1140 2864; x_wconf 92' lang='lat' dir='ltr'>nono</span> 
     </span>
     <span class='ocr_line' id='line_1_25' title="bbox 128 2884 1140 2974; baseline 0.001 -22"><span class='ocrx_word' id='word_1_179' title='bbox 128 2887 340 2972; x_wconf 85' lang='lat' dir='ltr'>Digestorum</span> <span class='ocrx_word' id='word_1_180' title='bbox 364 2884 413 2970; x_wconf 81' lang='lat' dir='ltr'>(P.</span> <span class='ocrx_word' id='word_1_181' title='bbox 430 2885 518 2974; x_wconf 88' lang='grc'><strong>168).</strong></span> <span class='ocrx_word' id='word_1_182' title='bbox 560 2887 687 2954; x_wconf 86' lang='lat' dir='ltr'>Tubero</span> <span class='ocrx_word' id='word_1_183' title='bbox 710 2886 772 2953; x_wconf 89' lang='lat' dir='ltr'>boc</span> <span class='ocrx_word' id='word_1_184' title='bbox 795 2888 890 2953; x_wconf 91' lang='lat' dir='ltr'>modo</span> <span class='ocrx_word' id='word_1_185' title='bbox 915 2889 1140 2953; x_wconf 83' lang='lat' dir='ltr'>demonstrare</span> 
     </span>
     <span class='ocr_line' id='line_1_26' title="bbox 129 2974 1144 3061; baseline 0.001 -21"><span class='ocrx_word' id='word_1_186' title='bbox 129 2974 361 3060; x_wconf 90' lang='lat' dir='ltr'>supellectilem</span> <span class='ocrx_word' id='word_1_187' title='bbox 388 2979 540 3059; x_wconf 67' lang='lat' dir='ltr'>temptate</span> <span class='ocrx_word' id='word_1_188' title='bbox 568 2977 818 3059; x_wconf 80' lang='lat' dir='ltr'>instrumentum</span> <span class='ocrx_word' id='word_1_189' title='bbox 846 2977 1005 3061; x_wconf 86' lang='lat' dir='ltr'>quoddam</span> <span class='ocrx_word' id='word_1_190' title='bbox 1034 2979 1144 3060; x_wconf 82' lang='lat' dir='ltr'>patris</span> 
     </span>
     <span class='ocr_line' id='line_1_27' title="bbox 128 3065 1141 3150; baseline 0.001 -21"><span class='ocrx_word' id='word_1_191' title='bbox 128 3065 273 3129; x_wconf 86' lang='lat' dir='ltr'>familiae</span> <span class='ocrx_word' id='word_1_192' title='bbox 296 3086 403 3128; x_wconf 88' lang='lat' dir='ltr'>rerum</span> <span class='ocrx_word' id='word_1_193' title='bbox 427 3065 468 3128; x_wconf 88' lang='lat' dir='ltr'>ad</span> <span class='ocrx_word' id='word_1_194' title='bbox 487 3065 699 3130; x_wconf 84' lang='lat' dir='ltr'>cottidianum</span> <span class='ocrx_word' id='word_1_195' title='bbox 717 3088 812 3130; x_wconf 91' lang='lat' dir='ltr'>usum</span> <span class='ocrx_word' id='word_1_196' title='bbox 830 3069 1028 3149; x_wconf 86' lang='lat' dir='ltr'>paratarum,</span> <span class='ocrx_word' id='word_1_197' title='bbox 1053 3067 1141 3150; x_wconf 89' lang='lat' dir='ltr'>quod</span> 
     </span>
     <span class='ocr_line' id='line_1_28' title="bbox 128 3153 1140 3241; baseline 0.001 -23"><span class='ocrx_word' id='word_1_198' title='bbox 128 3155 162 3218; x_wconf 93' lang='lat' dir='ltr'>in</span> <span class='ocrx_word' id='word_1_199' title='bbox 186 3153 284 3218; x_wconf 88' lang='lat' dir='ltr'>aliam</span> <span class='ocrx_word' id='word_1_200' title='bbox 308 3154 444 3241; x_wconf 88' lang='lat' dir='ltr'>speciem</span> <span class='ocrx_word' id='word_1_201' title='bbox 467 3176 532 3219; x_wconf 93' lang='lat' dir='ltr'>non</span> <span class='ocrx_word' id='word_1_202' title='bbox 556 3155 692 3238; x_wconf 88' lang='lat' dir='ltr'>caderet,</span> <span class='ocrx_word' id='word_1_203' title='bbox 715 3159 753 3218; x_wconf 86' lang='lat' dir='ltr'>ut</span> <span class='ocrx_word' id='word_1_204' title='bbox 776 3155 865 3219; x_wconf 86' lang='lat' dir='ltr'>verbi</span> <span class='ocrx_word' id='word_1_205' title='bbox 888 3153 995 3240; x_wconf 84' lang='lat' dir='ltr'>gratia</span> <span class='ocrx_word' id='word_1_206' title='bbox 1017 3176 1140 3238; x_wconf 89' lang='lat' dir='ltr'>penum</span> 
     </span>
     <span class='ocr_line' id='line_1_29' title="bbox 129 3243 1142 3327; baseline 0.002 -21"><span class='ocrx_word' id='word_1_207' title='bbox 129 3246 300 3327; x_wconf 85' lang='lat' dir='ltr'>argentum</span> <span class='ocrx_word' id='word_1_208' title='bbox 336 3246 458 3307; x_wconf 86' lang='lat' dir='ltr'>vestem</span> <span class='ocrx_word' id='word_1_209' title='bbox 496 3248 685 3309; x_wconf 86' lang='lat' dir='ltr'>ornamenta</span> <span class='ocrx_word' id='word_1_210' title='bbox 722 3244 937 3308; x_wconf 84' lang='lat' dir='ltr'>instrumenta</span> <span class='ocrx_word' id='word_1_211' title='bbox 974 3243 1045 3327; x_wconf 85' lang='lat' dir='ltr'>agri</span> <span class='ocrx_word' id='word_1_212' title='bbox 1083 3248 1142 3308; x_wconf 84' lang='lat' dir='ltr'>aut</span> 
     </span>
     <span class='ocr_line' id='line_1_30' title="bbox 128 3332 251 3397; baseline -0.024 0"><span class='ocrx_word' id='word_1_213' title='bbox 128 3332 251 3397; x_wconf 92' lang='lat' dir='ltr'>domus.</span> 
     </span>
    </p>

    <p class='ocr_par' dir='ltr' id='par_1_12' title="bbox 120 3419 1142 3596">
     <span class='ocr_line' id='line_1_31' title="bbox 220 3419 1141 3504; baseline 0 -19"><span class='ocrx_word' id='word_1_214' title='bbox 220 3419 346 3485; x_wconf 85' lang='lat' dir='ltr'>Servius</span> <span class='ocrx_word' id='word_1_215' title='bbox 365 3419 486 3484; x_wconf 82' lang='lat' dir='ltr'>fatetur</span> <span class='ocrx_word' id='word_1_216' title='bbox 501 3420 694 3484; x_wconf 85' lang='lat' dir='ltr'>sententiam</span> <span class='ocrx_word' id='word_1_217' title='bbox 710 3420 778 3485; x_wconf 89' lang='lat' dir='ltr'>eius</span> <span class='ocrx_word' id='word_1_218' title='bbox 795 3421 850 3503; x_wconf 93' lang='lat' dir='ltr'>qui</span> <span class='ocrx_word' id='word_1_219' title='bbox 863 3419 1022 3503; x_wconf 78' lang='lat' dir='ltr'>legaverit</span> <span class='ocrx_word' id='word_1_220' title='bbox 1036 3421 1141 3504; x_wconf 88' lang='lat' dir='ltr'>aspici</span> 
     </span>
     <span class='ocr_line' id='line_1_32' title="bbox 120 3508 1142 3596; baseline 0.004 -26"><span class='ocrx_word' id='word_1_221' title='bbox 120 3511 276 3588; x_wconf 80' lang='lat' dir='ltr'>oportere</span> <span class='ocrx_word' id='word_1_222' title='bbox 302 3508 337 3573; x_wconf 89' lang='lat' dir='ltr'>in</span> <span class='ocrx_word' id='word_1_223' title='bbox 364 3530 461 3596; x_wconf 83' lang='lat' dir='ltr'>quam</span> <span class='ocrx_word' id='word_1_224' title='bbox 485 3509 644 3574; x_wconf 86' lang='lat' dir='ltr'>rationem</span> <span class='ocrx_word' id='word_1_225' title='bbox 667 3531 706 3572; x_wconf 89' lang='lat' dir='ltr'>ea</span> <span class='ocrx_word' id='word_1_226' title='bbox 729 3509 842 3574; x_wconf 87' lang='lat' dir='ltr'>solitus</span> <span class='ocrx_word' id='word_1_227' title='bbox 868 3509 910 3573; x_wconf 86' lang='lat' dir='ltr'>sit</span> <span class='ocrx_word' id='word_1_228' title='bbox 935 3509 1062 3593; x_wconf 87' lang='lat' dir='ltr'>referre,</span> <span class='ocrx_word' id='word_1_229' title='bbox 1086 3532 1142 3574; x_wconf 83' lang='lat' dir='ltr'>ve·</span> 
     </span>
    </p>
   </div>
   <div class='ocr_carea' id='block_1_12' title="bbox 0 0 1222 3840">
    <p class='ocr_par' dir='ltr' id='par_1_13' title="bbox 0 0 1222 3840">
     <span class='ocr_line' id='line_1_33' title="bbox 0 0 1222 3840; baseline 0 0"><span class='ocrx_word' id='word_1_230' title='bbox 0 0 1222 3840; x_wconf 95' lang='lat' dir='ltr'> </span> 
     </span>
    </p>
   </div>
  </div>
 </body>
</html>
