2422 3840
104 172 171 237 232
208 171 256 226 VI.
277 169 409 227 ocrnvl
428 170 528 226 SAEG.
547 170 646 226 lunis
667 169 842 227 CONSULT.
862 167 987 224 sanias
1005 167 1124 222 PRIMA

196 340 293 400 Servii
311 360 420 400 nomen
439 339 591 399 invenitur
607 358 705 416 neque
720 338 752 397 in
766 336 848 398 Ofilii
862 357 959 414 neque
973 338 1005 395 in
1020 336 1126 396 Sabini

101 449 201 505 neque
229 430 260 488 in
282 430 366 489 Pedii
397 447 492 505 neque
520 429 552 486 in
574 428 725 503 Venuleii‚
755 426 807 486 sed
834 429 880 486 est
905 428 937 486 in
964 426 1126 505 Labeonis,

104 518 182 595 Gaii,
205 518 303 596 Pauli,
322 517 479 593 Pomponii
498 516 683 593 fragmentis.
725 516 826 576 Labeo
846 517 908 576 doli
928 515 1001 574 mali
1021 514 1123 575 defini-

102 609 218 667 tionem
246 626 264 665 a
287 606 390 666 Servio
420 606 605 682 propositam
629 605 786 664 emendare
810 604 853 678 (Ρ.
873 602 929 680 34)
952 605 1003 665 vel
1027 603 1124 666 Seruii

103 695 284 755 sententiam
318 694 434 754 ratione
467 713 546 754 nova
580 694 682 753 adlata
714 693 888 754 confirmare
920 690 966 771 (P.
988 695 1069 771 190,
1088 685 1122 775 4)

101 787 228 844 conatur
259 785 309 845 vel
343 783 440 844 Servii
473 784 638 843 sententias
671 782 780 858 probat
811 781 858 862 (P.
880 784 951 843 165.
979 784 1059 862 190,
1081 774 1123 862 5).

102 873 287 948 Pomponius
308 872 484 933 Seruianam
507 872 656 931 actionem
675 872 809 931 nominat
829 864 875 951 (Ρ.
894 865 980 949 163).
1019 871 1123 946 Gaius,

100 963 132 1020 in
161 963 245 1022 ouius
275 962 421 1021 librorum
447 961 486 1020 ad
509 960 639 1020 edietum
661 961 812 1019 urbanum
835 960 1018 1036 scriptorum
1041 961 1123 1038 frag-

100 1052 211 1110 mentis
239 1049 337 1110 Servii
370 1069 478 1110 nomen
509 1069 570 1108 non
602 1049 767 1125 reperitur,
799 1049 830 1107 in
861 1049 948 1108 libris
977 1049 1017 1108 ad
1046 1050 1125 1109 edie-

100 1143 167 1198 tum
204 1139 390 1214 provinciale
427 1139 548 1214 seriptis
586 1141 617 1197 et
649 1137 772 1197 eandem
805 1138 954 1198 astionem
985 1138 1124 1198 nominet

102 1220 150 1310 (P.
172 1231 246 1287 212.
267 1218 358 1308 229),
387 1230 419 1286 et
446 1229 546 1302 ipsum
575 1227 712 1287 Servium
738 1219 785 1307 (P.
807 1221 949 1306 174pr.).
996 1227 1123 1305 aceedit,

103 1318 184 1394 quod
215 1318 308 1376 verba
340 1316 500 1391 quaedam,
535 1335 611 1392 quae
645 1316 775 1392 primum
802 1314 883 1393 apud
910 1315 1050 1377 Servium
1077 1317 1122 1375 in·

101 1406 273 1482 veniuntur,
298 1424 316 1462 a
338 1403 413 1464 Gaio
436 1407 624 1481 repetuntur.

263 1607 419 1668 Servius.
818 1608 937 1669 Gaius.

168 1727 195 1791 1.
219 1724 257 1792 D.
273 1727 325 1811 19,
339 1727 369 1810 2,
385 1726 436 1808 15,
451 1727 481 1792 2.
511 1725 580 1791 Ser·
704 1728 733 1791 l.
752 1725 791 1791 D.
803 1728 853 1806 13,
865 1728 894 1811 6,
907 1729 957 1793 18.
976 1728 1012 1791 in
1022 1730 1120 1795 rebus

98 1815 169 1879 vius
221 1837 349 1880 omnem
400 1817 466 1879 vim
516 1817 579 1881 oui
635 1816 848 1881 commodatis
883 1864 913 1880 ..
947 1817 1121 1902 diligentia

98 1904 233 1968 resisti
256 1926 333 1968 non
354 1908 502 1987 potest,
526 1905 581 1969 do·
635 1905 830 1990 praestanda
861 1910 909 1969 est
939 1955 973 1972 ..
1003 1907 1054 1972 ita
1084 1914 1121 1973 ut

97 1995 222 2058 minum
262 1994 378 2058 colono
407 1996 581 2077 ‘praestare
635 1998 763 2058 tantum
777 2016 833 2059 eos
844 2015 938 2059 oasus
952 2017 1018 2060 non
1028 2018 1120 2079 prae·

98 2083 215 2147 debere
244 2082 302 2165 ait,
330 2085 448 2165 utpute
553 2082 581 2147 si
636 2087 712 2165 stet,
739 2083 857 2167 quibus
883 2083 1020 2147 resisti
1043 2107 1120 2150 non

99 2172 279 2236 incursus
312 2171 482 2236 hostium
513 2172 580 2236 fiat.
636 2176 780 2254 potest,
793 2172 1121 2240 veluti...latronum

634 2259 880 2344 hostiumque
919 2261 1120 2346 incursus,

634 2349 813 2432 piratarum
835 2349 972 2414 insidias
997 2399 1051 2417 ...

165 2454 195 2517 2.
220 2451 259 2518 D.
277 2453 328 2535 39,
342 2453 372 2535 2,
386 2453 440 2535 24,
449 2455 479 2518 4.
508 2451 578 2519 Ser·
691 2455 721 2518 2.
732 2454 927 2540 D.19‚2,25.
941 2456 991 2520 vis
1004 2458 1119 2542 maior,

98 2544 169 2606 vius
194 2561 322 2625 quoque
345 2544 452 2625 putat,
479 2590 509 2606 ..
532 2543 579 2606 ita
634 2565 730 2628 quam
766 2543 881 2609 Graeci
917 2550 1003 2610 θεοῦ
1038 2549 1121 2629 βίαν

98 2652 173 2694 eum
184 2630 296 2713 teneri,
311 2629 339 2693 si
349 2630 487 2695 aedificii
497 2632 577 2696 vitio
633 2635 751 2696 vocant
773 2682 781 2696 .
796 2683 802 2697 .
817 2684 825 2699 .

97 2719 130 2782 id
160 2717 326 2802 acciderit,
358 2740 424 2783 non
452 2721 480 2782 si
510 2720 579 2784 vio-

97 2807 199 2871 lentia
231 2813 399 2872 ventorum
431 2810 483 2873 vel
515 2830 579 2892 qua

97 2895 165 2960 alia
183 2896 318 2980 ratione,
337 2918 419 2981 quae
439 2898 503 2961 vim
522 2897 578 2961 ha-

97 2985 155 3050 bet
177 2984 329 3049 divinam.

187 3175 263 3236 Cum
297 3177 333 3236 de
365 3178 513 3252 praetoris
548 3178 660 3255 edicto,
693 3178 792 3255 qualis
826 3181 896 3238 ante
926 3178 1117 3240 Hadrianum

97 3267 203 3342 fuerit,
229 3266 304 3324 nihil
332 3266 394 3324 fere
422 3266 569 3325 traditum
597 3268 638 3327 sit
667 3270 697 3326 et
725 3285 761 3325 ex
789 3266 886 3326 Servii
913 3268 1000 3327 libris
1023 3289 1118 3329 unum

97 3357 218 3413 tantum
240 3355 445 3431 fragmentum
469 3356 623 3433 afferatur,
647 3355 805 3415 diiudicari
824 3356 875 3415 vix
892 3359 1003 3434 potest,
1027 3377 1117 3435 quae-

97 3462 168 3501 nam
196 3443 256 3502 alia
283 3444 454 3519 fragmenta
481 3444 543 3504 illis
567 3444 652 3504 libris
676 3444 870 3503 attribuenda
894 3446 962 3504 sint.
1009 3465 1045 3506 ea
1066 3447 1117 3506 hie

92 3532 253 3606 111111111,
287 3551 364 3609 quae
397 3533 487 3593 huius
521 3533 582 3594 loei
612 3552 677 3594 esse
709 3537 848 3610 possunt,
881 3533 993 3594 Iuliani
1024 3536 1116 3596 edicti
