2422 3840
122 186 188 252 408
214 186 288 243 VIII.
304 184 439 241 OCTAVI
453 183 551 239 SAEG.
561 185 658 240 Iulus
674 184 846 241 corisum.
857 185 984 240 sanius
999 184 1135 240 TERTIA

539 373 585 431 De
608 374 715 446 tepolis.

358 489 402 542 De
419 487 508 554 fundo
526 504 586 543 cum
604 490 784 544 instrumento
802 489 898 556 lepoto.

214 599 243 663 3.
265 597 305 662 D.
324 599 377 681 33,
396 600 425 681 7,
443 599 473 664 4.
503 597 674 663 Iavolenus
698 598 781 662 libro
805 597 943 662 secundo
968 619 1007 661 ex
1027 603 1137 683 poste-

125 686 265 752 rioribus
283 686 445 752 Labeonis
464 684 514 774 (P.
530 683 617 773 181).
654 684 735 751 (lum
759 685 889 771 qnidam
913 686 994 750 duos
1017 687 1137 752 fundos

124 777 252 841 iunctos
270 776 404 840 haberet
423 780 513 841 etex
532 777 634 840 altero
653 776 762 857 boves,
781 797 853 839 cum
873 796 954 859 opus
973 775 1137 858 fecissent,

124 865 159 928 in
187 864 325 928 alterum
353 869 604 946 reverterentur,
632 868 801 947 utrumque
828 863 963 927 fundum
991 885 1064 928 cum
1087 865 1136 929 in·

126 956 306 1018 strumento
329 954 504 1038 legaverat.
540 953 648 1018 Labeo
667 952 837 1016 Trebatius
861 953 960 1017 boves
985 954 1015 1016 ei
1034 953 1136 1018 fundo

126 1063 272 1106 cessuros
286 1045 412 1126 putant,
430 1043 487 1107 ubi
501 1064 582 1126 opus
596 1041 756 1122 fecissent,
769 1062 834 1104 non
849 1041 904 1105 ubi
919 1062 1049 1106 manere
1064 1064 1136 1106 con-

125 1131 315 1196 suevissent.
681 1163 683 1168 ·

214 1220 245 1283 4.
277 1218 316 1283 D.
336 1220 387 1302 33,
407 1221 436 1302 l,
457 1220 506 1301 12,
525 1219 555 1284 5.
591 1216 749 1301 Ulpianus
779 1218 862 1282 libro
891 1218 1067 1283 vicensimo
1097 1219 1137 1283 ad

127 1306 283 1372 Sabinum
312 1307 360 1391 (P.
379 1304 490 1391 2609).
541 1306 713 1370 Trebatius
737 1355 744 1371 .
764 1354 772 1370 .
795 1308 893 1372 etiam
920 1307 1075 1389 pistorem
1105 1315 1139 1371 et

127 1399 303 1480 tonsorem,
323 1397 377 1480 qui
395 1396 536 1460 familiae
555 1395 695 1459 rusticae
710 1417 806 1459 causa
820 1395 927 1480 parati
943 1400 1028 1478 sunt,
1041 1400 1139 1480 putat

128 1485 284 1550 contineri
313 1481 370 1569 (sc.
398 1485 611 1549 instrumento
639 1481 777 1568 legato),
806 1483 884 1547 item
911 1483 1055 1568 fabrum,
1083 1485 1138 1569 qui

127 1573 225 1637 villae
252 1573 441 1637 reficiendae
469 1595 565 1637 causa
587 1578 721 1656 paratus
744 1574 800 1656 sit,
826 1576 859 1636 et
881 1573 1031 1637 mulieres
1055 1595 1138 1657 quae

127 1682 245 1745 panem
264 1667 405 1746 coquant
423 1683 566 1746 quaeque
581 1662 689 1725 villam
706 1664 848 1744 servent,
866 1660 945 1725 item
960 1662 1139 1744 molitores,

129 1751 158 1815 si
186 1751 225 1815 ad
253 1773 347 1815 usum
374 1751 531 1818 rusticum
558 1750 665 1833 parati
692 1757 780 1832 sunt,
812 1751 890 1814 item
921 1749 1078 1814 focariam
1106 1753 1140 1815 et

128 1839 271 1923 vilicam,
300 1841 327 1903 si
355 1839 450 1904 modo
480 1839 587 1922 aliquo
616 1839 723 1903 officio
754 1840 855 1902 virum
888 1838 1028 1921 adiuvet,
1060 1839 1139 1903 item

128 1927 274 1994 lanificae
308 1950 388 2013 quae
420 1927 579 1992 familiam
613 1928 766 1990 rusticam
799 1928 954 2011 vestiunt,
991 1931 1024 1991 et
1057 1950 1139 2012 quae

128 2017 345 2101 pulmentaria
367 2016 497 2081 rusticis
521 2020 669 2099 coquant.

483 2182 526 2235 De
543 2182 656 2237 uectibus
674 2180 776 2250 lcpotis.

219 2291 249 2355 5.
276 2290 314 2355 D.
335 2290 387 2374 33,
406 2291 435 2375 l,
454 2291 497 2355 26
508 2312 554 2374 pr.
591 2289 680 2354 Idem
700 2287 900 2378 (Iavolenus)
920 2291 1004 2354 libro
1024 2291 1139 2373 quinto

130 2400 168 2442 ex
186 2379 419 2463 posterioribus
439 2379 599 2443 Labeonis
615 2378 663 2463 (P.
678 2376 767 2464 215).
804 2377 901 2443 Dolia
919 2379 1042 2458 fictilia,
1061 2380 1142 2444 item

129 2468 290 2552 plumbea,
313 2468 428 2551 quibus
451 2470 539 2531 terra
562 2468 695 2552 adgesta
719 2471 778 2550 est,
803 2471 835 2531 et
853 2468 887 2531 in
905 2467 957 2531 his
975 2467 1142 2533 viridiaria

77 2565 78 2570 ’
129 2556 236 2640 posita
258 2557 384 2620 aedium
408 2577 477 2620 esse
500 2555 609 2620 Labeo
633 2554 803 2620 Trebatius
825 2558 952 2639 putant.

465 2723 511 2776 Dc
528 2723 688 2791 supellectili
705 2723 802 2791 tepula.

221 2832 250 2896 6.
281 2828 321 2895 D.
344 2831 420 2897 ibid.
443 2835 464 2910 ξ
484 2832 513 2896 1.
557 2830 730 2897 Iavolenus
758 2830 834 2895 ibid.
875 2830 980 2895 Molas
1009 2853 1141 2896 manua·

132 2921 196 2984 rias
230 2919 359 3004 quidem
387 2920 611 3005 supellectilis,
643 2919 852 2983 iumentarias
886 2923 993 2984 autem
1023 2921 1143 2985 instru-

133 3009 233 3073 menti
265 3030 334 3073 esse
367 3006 481 3073 Ofilius
511 3009 565 3073 ait
622 3008 730 3073 Labeo
764 3005 940 3072 Cascellius
969 3007 1142 3074 Trebatius

132 3102 265 3162 neutras
281 3097 504 3181 supellectilis,
519 3097 573 3161 sed
588 3096 696 3181 potius
711 3097 917 3161 instrumenti
930 3101 1048 3180 putant
1064 3119 1142 3163 csse.

222 3187 251 3251 l.
278 3186 317 3251 D.
337 3185 389 3270 33,
410 3186 461 3271 10,
481 3186 530 3251 11.
573 3185 663 3249 Idem
687 3181 886 3271 (Iavolenus)
909 3185 993 3249 libro
1018 3186 1141 3251 decimo

134 3297 173 3339 ex
214 3275 445 3359 posterioribus
481 3274 642 3339 Labeonis
678 3273 732 3360 (P.
760 3273 852 3358 233).
915 3272 1004 3338 Vasa
1042 3296 1144 3340 aenea

134 3363 277 3428 salientis
301 3386 402 3448 aquae
424 3365 546 3448 posita,
572 3365 651 3428 item
675 3362 801 3446 siquid
826 3362 913 3426 aliud
936 3363 1042 3446 magis
1066 3363 1143 3427 deli·

130 3451 253 3516 ciarum
287 3475 385 3537 quam
416 3474 494 3518 usus
527 3474 624 3518 causa
653 3455 803 3534 paratum
837 3454 935 3533 esset,
971 3473 1037 3516 non
1072 3473 1144 3517 esse

110 3540 335 3621 supellectilis
357 3541 474 3611 Labeo
498 3541 674 3609 Trebatius
694 3543 823 3626 putant.
