2422 3840
81 162 106 212 9.
118 155 191 212 TIT.
200 154 303 212 CAES.
315 186 350 197 -
364 153 664 211 10.AUF1D.TUOCA
674 187 707 196 -
719 163 759 211 11.
770 156 873 212 FLAV.
883 155 993 213 Pulso.
1031 157 1096 220 267

364 369 405 451 ll.
445 373 583 446 TITUS
613 373 806 446 CAESIUS

173 539 209 579 ex
227 519 354 578 Etruria
376 523 471 596 ortus,
492 520 529 577 ut
551 537 658 577 nomen
683 518 776 593 docet,
801 519 898 577 Servii
922 520 1096 598 discipulus,

80 628 172 686 quem
201 611 232 667 et
259 608 352 667 libros
381 607 591 682 conscripsisse
614 607 796 682 Pomponius
820 605 839 682 ἓ
859 610 901 666 44
930 611 1017 668 testis
1042 615 1096 687 est,

80 699 175 773 idem,
207 698 244 756 ut
277 697 410 770 videtur,
443 699 495 772 qui
527 690 673 755 ‘Caesius’
706 695 744 754 ab
772 696 904 757 Arnobio
938 691 1095 777 (ainfal

81 787 203 847 dicitnr.
245 791 380 844 cetorum
398 783 496 844 ansii
518 804 626 844 nomeu
648 785 807 862 vulgatum
830 790 883 845 est.
925 786 1096 847 Wilmanns

79 875 228 951 Exempla
249 875 289 951 H,
305 876 369 933 314
380 893 422 950 sq.

572 987 687 1046 libri?

171 1104 324 1165 Arnobius
348 1104 414 1165 adv.
433 1108 493 1163 nat.
516 1106 544 1181 3,
564 1106 616 1162 40.
643 1133 679 1144 -
706 1104 846 1180 Nigidius
870 1105 998 1165 Penates
1025 1107 1096 1166 deos

80 1195 259 1269 Neptunum
287 1212 351 1252 osse
381 1197 470 1269 atque
497 1192 667 1267 Apollinem
695 1193 827 1267 prodidit
924 1194 1003 1253 idem
1030 1215 1096 1253 rur-

81 1302 132 1342 sus
235 1282 356 1357 exponit
455 1281 628 1355 disciplinas
651 1281 793 1340 Etruscas
818 1300 956 1360 sequens,
985 1303 1097 1360 genera

80 1391 148 1430 esse
172 1370 334 1429 Penatium
362 1373 507 1446 quattuor
530 1373 560 1428 et
584 1388 647 1428 esse
671 1369 751 1428 Iovis
775 1390 810 1429 ex
833 1371 879 1430 his
903 1372 991 1450 alios,
1020 1374 1095 1432 alios

80 1461 226 1536 Neptuni,
250 1460 415 1517 inferorum
433 1460 548 1536 tertioS,
571 1458 742 1517 mortalium
763 1460 917 1518 hominum
938 1464 1095 1536 quartos..

79 1548 208 1608 Caesius
246 1550 278 1606 et
312 1549 377 1622 ipse
414 1566 464 1605 eas
501 1566 625 1622 sequens
659 1547 823 1606 Fortunam
862 1550 1029 1609 arbitratur
1065 1554 1096 1610 et

79 1637 234 1715 Cererem,
272 1636 399 1696 Genium
430 1637 579 1695 Jovialem
615 1655 649 1694 ao
680 1635 797 1712 Palem,
835 1638 887 1695 sed
918 1658 978 1697 non
1010 1640 1096 1698 illam

78 1727 225 1785 feminam
258 1745 347 1802 quam
379 1725 546 1802 vulgaritas
574 1724 696 1802 accipit,
729 1726 779 1783 sed
809 1727 966 1785 masculini
992 1730 1094 1788 nescio

79 1836 171 1891 quem
194 1814 314 1891 generis
337 1814 507 1873 ministrum
530 1813 611 1872 Iovis
636 1831 669 1870 ao
695 1813 822 1872 vilicum.

331 2116 399 2199 10.
438 2120 662 2193 AUFIDIUS
692 2121 845 2193 Tucca

174 2266 271 2327 Servii
293 2266 465 2343 discipulus,
488 2267 541 2342 qui
563 2266 599 2325 de
623 2267 687 2324 iure
708 2266 800 2325 libros
821 2266 1004 2341 conscripsit,
1027 2286 1095 2325 oum

79 2357 213 2415 aliorum
241 2355 338 2414 Servii
370 2354 543 2414 auditorum
574 2354 658 2413 libris
688 2355 725 2414 ab
753 2355 875 2413 Aufidio
901 2355 1037 2414 Namusa
1064 2356 1095 2413 in

77 2465 178 2504 unum
201 2463 308 2520 corpus
332 2444 473 2521 digestos
513 2444 694 2519 Pomponius
719 2441 809 2519 §44
851 2437 1017 2502 ‘Aufidius’
1046 2445 1096 2503 vel

78 2529 126 2593 Ῥ.
143 2527 293 2592 Aufidius'
313 2533 493 2609 aliquotiens
512 2532 652 2591 laudatus
671 2536 773 2592 utrum
792 2534 890 2591 Tucca
908 2553 947 2592 an
961 2533 1096 2592 Namusa

77 2623 239 2682 habendus
263 2622 303 2681 sit
324 2621 457 2680 dubitari
474 2623 586 2696 potest:
610 2621 685 2679 mihi
703 2622 803 2696 potius
821 2621 956 2681 Namusa
974 2623 1096 2683 videtur

76 2730 158 2771 esse.
195 2730 231 2769 ex
249 2710 362 2769 Aufidii
381 2711 497 2768 Tuccae
520 2711 604 2768 libris
628 2711 798 2786 fragmenta
817 2711 901 2770 nulla
920 2712 1096 2770 afferuntur.

326 3012 394 3094 ll.
431 3016 635 3089 FLAVIUS
663 3017 854 3089 PRISOUS

173 3162 355 3238 Pomponius
388 3159 407 3236 ἓ
432 3163 488 3220 44:
526 3156 579 3219 ‘ab
616 3162 672 3218 hoc
705 3152 839 3240 (Servio)
871 3145 995 3236 plurimi
1025 3178 1094 3234 pro·

78 3255 232 3311 fecerunt:
261 3252 323 3309 fere
348 3254 448 3309 tamen
470 3250 502 3307 hi
525 3251 617 3309 libros
641 3249 951 3324 conscripserunt...
970 3248 1095 3307 Flauius

79 3340 205 3400 Priscus
306 3359 433 3416 quorum
457 3358 558 3398 omnes
583 3339 633 3414 qui
656 3340 779 3397 fuerunt
801 3337 872 3395 libri
895 3337 1007 3415 digesti
1025 3341 1095 3395 sunt

78 3430 123 3489 ab
146 3429 267 3488 Aufidio
288 3428 423 3487 Namusa
447 3421 510 3487 ...⁹
535 3429 570 3486 de
589 3428 694 3487 Flavio
713 3427 815 3485 Prisco
839 3426 915 3484 nihil
938 3429 1096 3502 praeterea

81 3518 234 3577 traditum
268 3520 320 3576 est.
372 3517 408 3576 de
439 3516 559 3577 nomine
586 3516 687 3578 Flavii
716 3516 844 3594 uulgato
874 3536 908 3576 u.
925 3515 1107 3573 Nilrnauue
