2422 3840
102 189 165 251 150
202 188 248 242 Vl.
272 188 407 243 OCTAVI
426 187 523 244 SAEC.
539 188 634 243 lURlS
654 189 827 245 consum.
843 189 968 244 sanius
987 189 1103 244 PRIMA

97 357 197 415 mento
226 375 285 415 non
314 362 394 434 eget,
427 358 518 417 habet
540 358 601 416 alia
627 358 750 418 maiora.
794 359 867 417 haec
895 357 974 416 enim
1003 362 1106 418 statua

97 445 201 503 mortis
225 446 366 505 honestae
390 446 476 504 testis
501 447 570 521 erit,
598 446 652 504 illa
674 448 817 506 memoria
838 445 921 520 ritae
944 447 1104 523 gloriosae,

97 536 132 592 nt
155 535 210 592 hoc
233 534 328 611 magis
346 539 573 593 monumentum
591 535 672 612 grati
691 539 821 611 senatus,
845 554 936 611 qnam
954 529 1030 594 clari
1048 537 1104 596 viri

96 623 233 680 futurum
252 622 292 681 sit
311 667 317 680 .
333 669 338 680 .
356 670 361 682 .
381 623 453 681 mihi
473 625 573 681 autem
591 623 762 682 recordanti
777 623 839 682 Ser.
850 623 978 698 Sulpicii
992 625 1103 685 multos

96 711 128 768 in
145 714 248 770 nostra
266 707 440 770 familiarite
458 729 619 788 sermones,
642 713 758 789 gratior
774 712 821 770 illi
838 711 967 790 videtur,
992 713 1018 771 si
1037 714 1104 790 quis

97 802 143 857 est
166 817 270 858 sensus
292 800 323 858 in
346 804 450 876 morte,
473 818 566 858 aenea
590 804 692 860 statua
714 801 818 859 futura
841 804 871 859 et
894 819 929 858 ea
947 801 1103 878 pedestris,
1132 847 1136 854 ,

98 907 187 965 qnam
206 888 346 946 inaurata
364 889 510 966 equestris
530 935 535 946 .
552 936 558 947 .
577 888 700 948 mirifice
720 890 799 947 enim
814 887 936 948 Servius
955 890 1103 948 maiorum

97 977 310 1036 continentiam
330 977 482 1054 diligebat,
506 977 596 1035 huius
616 977 726 1036 saeculi
744 978 933 1037 insolentiam
952 979 1103 1054 vitupera

98 1066 150 1125 bat
169 1110 175 1124 .
191 1114 197 1124 .
214 1111 220 1123 .
239 1084 315 1142 quas
338 1066 375 1124 ob
398 1085 446 1124 res
469 1066 513 1124 ita
532 1084 648 1124 censeo:
672 1064 748 1124 Cum
767 1065 848 1126 Serv.
864 1064 1018 1141 Sulpicius
1037 1067 1068 1137 Q.
1083 1068 1103 1126 f.

96 1153 239 1213 Lemonia
269 1153 366 1213 Rufus
398 1154 573 1213 difficillimo
605 1155 649 1212 rei
680 1155 818 1229 publicae
849 1157 986 1230 tempore
1018 1156 1102 1233 gravi

95 1243 319 1319 periculosoque
348 1243 450 1302 morbo
478 1243 602 1301 affectus
632 1244 841 1302 auctoritatem
872 1247 995 1302 senatus
1023 1245 1103 1303 salu·

95 1334 215 1407 temque
243 1332 287 1389 rei
315 1332 452 1405 publicae
476 1332 554 1390 vitas
582 1349 653 1389 suae
680 1333 886 1406 praeposuerit
912 1378 940 1392 ..
964 1332 1050 1408 isque
1074 1376 1102 1391 ..

95 1419 190 1477 vitam
226 1420 360 1478 amiserit
395 1420 426 1477 in
458 1420 586 1478 maximo
619 1419 662 1478 rei
699 1420 835 1495 publicae
868 1439 1004 1494 munere,

97 1508 215 1566 senatui
238 1508 370 1583 placere,
394 1507 455 1567 Ser.
475 1507 606 1583 Sulpicio
633 1511 766 1567 statuam
790 1509 956 1584 pedestrem
979 1528 1104 1568 aeneam

94 1595 126 1652 in
157 1595 263 1654 rostris
296 1615 332 1654 ex
363 1596 452 1655 huius
484 1597 596 1656 ordinis
630 1597 777 1655 sententia
810 1597 904 1656 statui
931 1598 1104 1675 circumque

95 1703 164 1743 eum
188 1687 320 1743 statuam
347 1685 447 1744 locum
471 1685 551 1744 ludis
574 1685 849 1762 gladiatoribusque
871 1684 982 1745 liberos
1004 1690 1104 1760 poste-

95 1791 203 1849 rosque
232 1773 296 1833 eius
323 1791 441 1848 quoque
469 1792 573 1832 versus
600 1774 690 1848 pedes
717 1775 847 1850 quinque
870 1775 994 1850 habere,
1022 1775 1104 1851 quod

94 1861 120 1919 is
145 1862 182 1920 ob
210 1881 273 1920 rem
300 1863 452 1938 publicam
479 1867 607 1922 mortem
634 1863 741 1921 obierit
768 1881 892 1937 eamque
921 1881 1045 1922 eausam
1073 1865 1104 1922 in

94 1950 159 2009 basi
187 1950 319 2027 inscribi3
353 1952 455 2027 utique
479 1950 509 2011 O.
533 1951 631 2009 Pansa
658 1951 693 2010 A.
717 1950 836 2010 Hirtius
864 1951 1001 2010 consules
1025 1952 1105 2011 alter

95 2039 233 2115 ambove,
257 2040 282 2098 si
305 2040 348 2098 eis
371 2040 522 2116 videatur,
547 2040 756 2114 quaestoribus
778 2041 862 2098 urbis
885 2041 1044 2116 imperent,
1067 2046 1103 2100 ut

94 2146 160 2186 eam
179 2129 276 2187 basim
295 2132 484 2204 statuamque
504 2128 671 2186 faciendam
689 2131 720 2186 et
736 2129 769 2185 in
785 2128 892 2187 rostris
910 2130 1104 2188 statuendam

94 2216 194 2276 locent
217 2217 381 2292 quantique
403 2217 577 2294 locaverint,
599 2221 715 2275 tantam
738 2217 894 2292 pecuniam
918 2217 1105 2294 redemptori

96 2304 323 2363 adtribuandam
347 2304 577 2379 solvendamque
598 2309 704 2364 curent
784 2308 815 2364 et
833 2351 857 2365 ..
878 2308 1016 2364 senatum
1036 2324 1104 2366 cen·

96 2412 160 2451 sere
180 2400 270 2468 atque
289 2411 304 2450 e
322 2410 354 2450 re
369 2393 490 2467 publica
503 2392 682 2470 existimare,
701 2394 811 2453 aediles
826 2393 945 2453 curules
959 2393 1103 2470 edictum,

96 2481 175 2557 quod
199 2481 235 2538 de
259 2481 412 2539 funeribus
436 2482 573 2552 habeant,
598 2481 659 2540 Ser.
680 2482 849 2557 Sulpicii..
869 2483 974 2548 funere
997 2485 1104 2542 remit·

96 2571 169 2645 tere,
193 2570 296 2643 utique
320 2569 418 2627 locum
438 2571 592 2644 sepulchro
611 2571 643 2628 in
661 2589 765 2645 campo
780 2571 937 2647 Esquilino
957 2570 988 2630 0.
1002 2571 1103 2632 Pansa

97 2657 208 2734 consul,
232 2675 286 2715 seu
309 2676 367 2732 quo
390 2657 421 2715 in
444 2659 509 2717 loeo
533 2658 696 2735 videbitur,
718 2659 808 2734 pedes
831 2659 959 2736 triginta
982 2679 1103 2738 quoqne

95 2763 199 2803 versus
227 2746 372 2822 assignet,
405 2765 463 2822 qno
491 2746 553 2804 Ser.
578 2747 727 2822 Sulpicius
754 2747 915 2821 inferatur,
949 2748 1029 2824 quod
1058 2769 1103 2809 se-

94 2834 252 2909 pulchrum
276 2834 378 2908 ipsius,
402 2836 564 2894 liberorum
587 2840 833 2913 posterorumque
855 2837 919 2895 eins
944 2840 1032 2912 esset,
1055 2837 1103 2897 uti

97 2923 175 2998 quod
198 2925 310 2997 optimo
333 2924 398 2982 iure
421 2924 540 2999 publice
564 2923 754 2999 sepulchrum
778 2925 882 2984 datum
905 2920 1003 2985 esset?

184 3010 228 3070 De
257 3014 359 3070 statua
386 3012 488 3073 Servio
517 3012 636 3087 publice
663 3013 763 3087 posita
790 3013 987 3088 Pomponium
1015 3013 1035 3086 ἓ
1061 3016 1102 3073 43

95 3101 207 3159 referre
221 3120 248 3175 p.
261 3102 322 3159 139
338 3100 476 3160 vidimus.
501 3094 613 3159 ‘rostra
626 3095 775 3178 Augusti’
785 3121 845 3160 non
858 3103 919 3159 alia
933 3121 997 3162 esse
1010 3105 1104 3180 atque
1122 3118 1126 3124 ’

96 3188 230 3248 Caesaris
257 3192 355 3248 rostra
381 3190 490 3248 Iordan
518 3189 725 3266 Topographie
744 3189 774 3247 II
797 3211 824 3265 p.
841 3192 904 3250 228
924 3211 952 3250 n.
990 3191 1104 3251 iudicat

96 3278 220 3337 addens:
247 3271 319 3336 ‘Der
343 3279 481 3337 seltsame
495 3277 657 3336 Ansdruck
680 3278 793 3337 erkltrt
816 3279 878 3337 sich
901 3279 1101 3340 wahrscheiu·

96 3366 156 3424 lich
183 3367 277 3424 durch
305 3365 369 3424 eine
397 3387 449 3425 zur
472 3367 537 3425 Zeit
565 3366 615 3424 des
641 3365 822 3442 Pomponius
850 3367 944 3426 durch
967 3367 1105 3428 Hadrian

96 3454 223 3530 erfolgte
255 3453 563 3532 Wiederherstellung
595 3455 647 3512 der
678 3461 778 3514 rostra
808 3457 890 3515 aedis
923 3456 985 3514 divi
1016 3451 1104 3518 Iuli’.

98 3539 227 3600 iissentit
249 3540 316 3602 Chr.
340 3543 477 3606 Huslsen
500 3543 533 3604 in
554 3543 668 3604 litteris
690 3544 799 3603 adme
821 3545 909 3604 datis.
