2422 3840
305 90 309 97 '
382 111 406 162 1.
429 108 460 164 P.
475 106 641 162 insanos
659 107 779 162 vasus
1020 107 1085 172 289

76 276 189 336 diserte
211 275 382 353 laudantur,
407 275 519 335 scilicet
542 276 723 336 aJavoleno
747 275 823 335 libro
838 275 866 333 V
886 276 1085 352 posteriorum

76 363 227 425 Labeonis
251 355 301 446 (D.
323 366 505 442 28,1,25:
529 358 640 423 ‘Varus
663 364 858 442 Digestorum
881 365 958 424 libro
980 365 996 423 I
1020 367 1086 425 Ser·

77 454 161 513 vium
180 453 367 529 respondisse
387 444 534 534 scripsit')
550 456 580 512 et
599 453 725 512 ePaulo
744 452 821 512 libro
836 453 879 512 IX
898 453 936 511 ad
955 453 1086 513 edictum

79 534 128 621 (D.
149 543 178 619 3,
200 544 228 618 5,
248 544 291 602 20
299 562 357 619 pr:
384 536 519 602 ‘Servius
542 542 705 618 respondit,
729 544 763 600 ut
786 544 832 600 est
854 542 982 600 relatum
1005 543 1086 619 apud

78 631 223 690 Alfenum
244 631 321 690 libro
343 630 522 710 trigessimo
544 631 623 690 nono
647 624 876 711 Digestorum').

79 852 117 914 Il.
148 847 294 931 <Servii
316 851 473 927 Sulpicii
501 851 697 928 Alfenique
721 852 807 912 Vari
834 871 1088 928 responsorum

253 950 296 1010 ab
318 945 472 1027 Alfeno>
496 949 721 1028 digestorum
743 951 831 1009 libri
854 951 919 1009 XL.

168 1073 262 1133 Index
293 1073 484 1133 Florentinus
520 1073 593 1134 heco
628 1075 733 1134 habet:
767 1067 917 1151 Ἀλφηνοῦ
951 1076 1088 1151 digestor

80 1162 181 1243 βιβλία
207 1160 429 1240 τεσσαράκοντα.
475 1163 527 1240 qui
554 1163 699 1222 librorum
727 1182 869 1222 numerus
897 1165 1090 1225 confirmatur

81 1257 111 1311 et
137 1251 227 1312 Gellii
255 1253 286 1311 et
312 1251 389 1310 Julii
416 1251 505 1310 Pauli
531 1251 724 1312 testimoniis:
756 1271 826 1311 nam
853 1253 904 1311 ille
933 1247 1034 1332 (7,5,
1056 1252 1088 1333 1)

80 1341 193 1400 librum
215 1340 403 1421 trigesimum
426 1342 457 1398 et
480 1344 630 1417 quartum,
652 1341 701 1400 hic
725 1333 774 1421 (D.
795 1343 829 1420 3,
850 1344 878 1421 5,
899 1335 954 1423 20)
979 1342 1090 1402 librum

81 1429 291 1508 trigeusimum
322 1447 433 1488 nonum
466 1429 562 1490 affert.
612 1429 811 1489 Tribonianus
842 1450 923 1491 vero
946 1432 979 1490 in
1011 1451 1090 1492 com-

81 1516 226 1595 ponendis
257 1516 390 1595 Digestis
422 1518 552 1595 genuino
585 1518 687 1578 Alfeni
719 1537 807 1595 opere
840 1539 913 1580 usus
945 1541 1005 1581 non
1036 1525 1090 1600 est,

81 1610 274 1684 quemquam
287 1606 424 1684 Krueger
446 1627 475 1681 p.
496 1609 550 1680 64,
574 1608 627 1683 qui
649 1607 746 1666 indice
769 1609 943 1669 Florentino
966 1629 1021 1686 pro
1045 1631 1090 1669 ar·

49 1714 53 1724 ¹
82 1697 227 1774 gumento
255 1695 364 1771 utitur,
391 1695 481 1754 aliter
507 1696 607 1755 sentit.
652 1699 685 1755 at
709 1697 758 1757 vel
782 1715 816 1756 eo
839 1697 989 1758 refellitur
1012 1700 1092 1775 quod

81 1785 253 1862 fragmenta
279 1783 311 1842 in
338 1783 505 1843 Juetiniani
527 1783 661 1862 Digestis
683 1785 791 1844 Alfeno
818 1786 971 1863 adscripta
993 1789 1093 1847 omnia
1120 1830 1122 1836 -

81 1873 219 1949 priorum
245 1874 365 1931 tentum
392 1876 507 1948 septem
533 1873 582 1933 vel
610 1875 676 1932 coto
703 1873 848 1932 librorum
876 1877 958 1953 sunt,
985 1875 1030 1934 ita
1057 1881 1092 1936 ut

83 1961 295 2038 Tribonianus,
320 1961 345 2020 si
365 1980 397 2019 re
416 1980 488 2020 vera
506 1961 668 2038 genuinum
687 1980 761 2037 opus
779 1962 944 2040 habuisset,
966 1963 1093 2040 triginta

82 2050 217 2126 reliquos
244 2049 337 2109 libros
364 2049 502 2108 reiecisse
529 2050 679 2125 putandus
703 2052 790 2110 esset.
836 2050 927 2109 immo
950 2051 1093 2111 utebatur

83 2138 225 2216 epitomis
244 2133 370 2197 tentum
381 2138 506 2215 duabus,
525 2140 620 2198 altera
639 2159 657 2197 a
674 2139 755 2198 Julio
774 2138 867 2198 Paulo
884 2133 931 2219 (P.
946 2133 1092 2222 31-74)

84 2222 153 2287 octo
172 2227 267 2303 libris,
286 2228 382 2287 altera
400 2228 438 2287 eb
457 2246 605 2304 anonymo
624 2231 739 2304 septem
754 2221 800 2303 (P.
812 2221 935 2308 4-30)
951 2229 1092 2288 confecta.

84 2335 122 2375 ex
140 2335 200 2392 quo
219 2319 353 2391 tempore
372 2316 518 2391 epitomae
537 2318 708 2393 propositae
727 2321 821 2392 erant,
843 2317 972 2392 genuino
992 2317 1094 2377 Alfeni

83 2424 176 2482 opere
198 2404 246 2483 uti
267 2405 341 2463 iuris
364 2405 493 2464 consulti
515 2406 573 2464 iam
594 2405 755 2465 desierunt.
796 2406 1003 2484 Tribonianus,
1027 2425 1093 2466 cum

83 2493 287 2570 epitomamm
305 2494 474 2571 fragmenta
491 2495 613 2573 recepit,
631 2495 730 2554 verbis
743 2495 864 2554 traditis
878 2514 936 2555 non
950 2497 1094 2572 pepercit,

82 2583 130 2642 ita
157 2584 192 2640 ut
219 2600 296 2659 quae
324 2583 437 2656 Alfeni,
470 2601 545 2658 quae
578 2584 810 2659 epitomatorum
837 2587 890 2644 aut
918 2585 1094 2644 Tritoniani

84 2672 157 2748 sint,
182 2670 348 2730 discernere
371 2671 422 2732 vix
444 2672 541 2731 liceat.

176 2758 304 2819 Alfenus
322 2759 418 2836 igitur
436 2778 529 2836 aeque
549 2763 640 2836 atque
654 2760 793 2821 Aufidius
811 2762 946 2821 Namusa
964 2755 1015 2842 (de
1033 2781 1093 2837 quo

86 2867 180 2924 supra
203 2868 231 2924 p.
252 2850 291 2908 27
296 2842 330 2926 6)
353 2848 480 2926 Digesta
502 2849 681 2926 composuit,
708 2850 816 2926 quibus
841 2850 937 2911 Servii
959 2851 1095 2926 inprimis

85 2955 232 3013 responsa
258 2941 446 3012 proponeret.
491 2937 607 2997 addidit
629 2940 659 2997 et
683 2956 737 2996 sua
759 2939 854 3014 ipsius
878 2957 1019 3015 responsa
1041 2957 1096 2997 nec

84 3025 249 3084 defuerunt
267 3025 343 3084 aliae
362 3026 536 3101 sententiae,
555 3026 600 3085 ita
619 3029 654 3084 ut
673 3044 746 3102 opus
764 3045 876 3087 novum
894 3027 942 3086 ius
960 3026 1095 3086 aServio
1140 3033 1144 3042 “

86 3113 222 3190 Sulpicio
250 3117 398 3173 statutum
420 3116 507 3191 plene
530 3115 670 3173 videatur
692 3116 879 3191 complexum
903 3133 974 3174 esse.
1020 3115 1096 3173 bene

85 3203 144 3262 hac
168 3203 205 3262 de
228 3221 260 3262 re
279 3202 401 3262 Pernice
420 3204 520 3263 Labeo
540 3204 564 3279 I,
580 3205 612 3262 2:
636 3203 714 3281 „Des
738 3203 860 3264 Servius
881 3202 988 3269 Schule
1011 3199 1118 3263 hatte

86 3291 121 3350 in
149 3291 206 3350 den
229 3291 374 3370 Digesten
396 3290 502 3352 Alfene
529 3290 616 3351 einen
643 3292 787 3370 gewiesen
813 3291 1014 3351 tusserlichen
1037 3293 1099 3350 Ab·

88 3380 206 3440 schluss
234 3380 376 3455 erreicht,
404 3381 457 3439 der
484 3381 532 3440 ein
559 3381 690 3440 direlrtes
718 3380 933 3459 Zurttckgeheu
961 3382 1016 3440 auf
1041 3381 1098 3440 den

87 3468 212 3528 Meister
238 3470 332 3529 selbst
356 3469 440 3529 nicht
463 3469 628 3549 unbedingt
650 3469 778 3547 geboten
801 3470 979 3531 erecheinen
996 3466 1099 3529 lessti‘

139 3576 233 3625 impr.
247 3558 365 3619 subterit.
379 3578 429 3621 rell.
444 3580 479 3621 ed.
494 3581 600 3624 Bremer.
867 3574 906 3623 tlt
