2422 3840
94 141 138 205 34
184 143 231 201 ΠΙ.
255 140 403 197 SEPTIMI
421 141 519 198 SAEC.
537 142 633 198 leals
652 142 822 199 consum.
841 143 965 202 sufflas
983 146 1102 202 PRIMA

93 305 308 391 relinquatur:
346 326 442 389 supra
474 304 639 390 dicebant,
676 306 824 392 quicquid
856 308 1007 394 cepisset,
1045 311 1102 374 ad-

94 394 225 480 stringi:
249 415 359 459 rursus
383 394 481 459 sacris
503 393 693 460 liberantur.

184 479 233 548 8¹⁰.
267 481 377 549 Cicero
399 482 438 546 de
461 483 523 567 leg.
543 484 574 568 2,
587 483 640 568 20,
654 483 706 549 50.
730 521 772 530 -
796 489 893 571 atque
917 486 1016 550 etiam
1038 486 1103 552 hoc

94 573 173 637 dant
192 570 373 654 Scaevolae,
396 593 493 655 quom
514 575 562 636 est
580 573 724 658 partitio,
742 578 787 657 ut,
806 574 885 638 siin
904 577 1101 641 testamento

94 660 230 726 deducta
265 681 389 726 somma
424 665 543 726 centum
573 660 753 726 nummum1
784 684 849 727 non
883 664 939 745 sit,
974 662 1102 748 ipsique

94 751 201 814 minus
230 749 372 834 ceperint
399 770 495 832 quam
521 749 672 815 omnibus
694 750 867 816 heredibus
890 751 1103 837 relinquatur,

94 840 194 904 sacris
226 860 266 903 ne
299 838 459 922 alligetur.
513 837 547 901 in
579 838 752 904 donatione
785 839 847 905 hoc
879 840 976 904 iidem
1009 861 1101 906 secus

95 930 361 1012 interpretantur:
381 928 414 989 et
432 926 516 1010 quod
534 926 763 993 interfamilias
781 928 816 992 in
833 928 902 994 eius
917 929 1102 1013 donatione,

95 1018 150 1102 qui
182 1018 215 1081 in
249 1015 317 1081 eius
347 1017 508 1098 potestate
536 1020 634 1100 esset,
667 1016 874 1102 approbavit,
904 1021 1011 1082 ratum
1039 1022 1102 1104 est3

95 1105 179 1191 quod
208 1126 245 1169 eo
268 1104 424 1168 insciente
447 1101 570 1168 factum
594 1107 656 1182 est,
685 1106 712 1169 si
735 1104 763 1170 is
786 1105 819 1170 id
842 1127 907 1171 non
932 1107 1102 1191 approbat,

93 1200 200 1260 ratum
223 1214 289 1258 non
313 1195 371 1257 est.

182 1283 212 1347 9.
244 1279 284 1345 D.
303 1280 400 1362 δατ,
417 1279 456 1345 18
479 1279 676 1365 Pomponius
704 1281 789 1346 libro
816 1282 1006 1366 trigensimo
1030 1304 1101 1368 sep-

94 1370 176 1438 timo
201 1369 241 1436 ad
265 1368 420 1446 Quintum
438 1366 580 1433 Mucium
601 1365 648 1455 (P.
664 1367 753 1456 320).
775 1407 811 1416 —
834 1393 916 1454 eum,
939 1372 994 1456 qui
1014 1372 1101 1457 lega·

94 1465 164 1526 tum
187 1460 358 1545 pulsasset,
381 1456 519 1534 Quintus
537 1456 662 1523 Mucius
686 1459 758 1522 dedi
781 1459 941 1545 hostibus,
964 1482 1101 1545 quorum

95 1551 187 1615 erant
209 1547 324 1632 legati,
348 1545 464 1611 solitus
488 1551 538 1611 est
560 1547 761 1630 respondere.

184 1634 285 1712 Quem
312 1634 423 1701 hostes
452 1636 479 1700 si
506 1656 569 1700 non
596 1637 806 1722 recepissent,
834 1637 1014 1721 quaesitum
1043 1642 1104 1722 est,

95 1749 138 1792 an
160 1724 238 1791 civis
260 1724 426 1789 Romanus
448 1727 606 1789 maneret:
629 1724 819 1808 quibusdam
844 1727 1102 1791 existimantibus

96 1835 235 1897 manere,
254 1813 328 1878 aliis
347 1816 469 1898 contra,
487 1813 563 1899 quia
581 1835 674 1897 quem
689 1815 787 1879 semel
801 1816 939 1899 populus
953 1815 1104 1879 iussisset

95 1903 177 1989 dedi,
195 1925 234 1968 ex
252 1902 383 1967 civitate
402 1902 577 1988 expulsisse
596 1901 766 1986 videretur,
785 1904 869 1968 sicut
881 1902 1010 1986 faceret,
1029 1923 1102 1967 cum

95 1990 590 2148 ltin?ltitlltttoell
619 1991 1103 2166 ,tetfflmiilll‘tttlll

95 2175 146 2237 est
172 2172 207 2236 in
230 2168 374 2234 Hostilio
397 2166 562 2248 Mancino,
590 2188 684 2251 quem
706 2167 901 2233 Numantini
928 2168 992 2234 sibi
1017 2169 1104 2233 dedi-

96 2263 166 2324 tum
184 2280 249 2324 non
269 2258 474 2340 acceperunt:
492 2255 531 2318 de
551 2275 614 2338 quo
632 2258 742 2319 tamen
761 2257 812 2321 lex
829 2261 942 2341 postea
960 2258 1028 2322 lata
1043 2262 1102 2341 est,

95 2353 133 2413 ut
156 2349 241 2412 esset
265 2344 344 2410 civis
363 2342 542 2426 Romanus,
563 2347 595 2406 et
611 2349 796 2427 praeturam
815 2367 942 2432 quoque
961 2346 1103 2430 gessisse

96 2435 220 2502 dicitur.

298 2551 347 2611 De
370 2551 447 2611 iure
470 2551 574 2611 civili
596 2544 639 2634 (i)
660 2552 746 2612 libri
770 2553 897 2613 decem.

184 2668 297 2730 Utrum
319 2666 414 2727 libelli
437 2666 538 2726 decem
560 2666 606 2727 illi
628 2688 702 2745 quos
720 2668 835 2728 Mucius
858 2670 981 2746 reliquit
1000 2670 1101 2747 singu·

98 2762 176 2820 lares
208 2757 320 2817 fuerint
352 2774 390 2817 an
421 2756 453 2815 in
483 2775 576 2816 unum
609 2775 715 2834 corpus
745 2757 905 2837 coniuncti,
938 2759 1102 2834 quaeritur.

97 2868 152 2927 ego
182 2846 264 2906 Sexti
290 2844 369 2905 Aelii
401 2845 621 2905 commentariis
654 2846 765 2904 similes
793 2846 884 2906 fuisse
912 2866 948 2906 ex
977 2845 1036 2907 Cic.
1065 2848 1103 2908 de

97 2939 172 2998 orat.
193 2939 225 3014 1,
246 2936 308 2994 239
338 2934 445 3009 colligo
473 2927 515 2993 ‘et
543 2934 575 2992 in
596 2933 628 2996 P.
649 2933 740 2993 Mucii
767 2935 862 3009 patris
891 2936 938 2996 sui
960 2936 1046 2996 libris
1071 2941 1105 2996 et

95 3028 128 3086 in
151 3024 217 3085 Sex.
240 3022 308 3082 Aeli
336 3022 555 3084 commentariis
579 3013 743 3098 scriptum'.
788 3042 998 3100 responsorum
1020 3029 1103 3085 certe

97 3116 214 3192 partem
236 3111 268 3171 in
291 3111 384 3172 libros
406 3111 538 3171 Mucium
560 3111 699 3171 retulisse
721 3111 883 3173 verisimile
906 3117 959 3173 est.
1000 3133 1104 3174 rerum

97 3203 170 3265 ordo
192 3220 231 3261 ne
253 3198 383 3261 divinari
406 3199 526 3276 quidem
549 3202 656 3277 potest.

169 3359 184 3407 1
205 3355 356 3408 Mommsen
371 3351 508 3418 (Richter
522 3350 619 3406 Jahrb.
633 3355 736 3418 17,13)
755 3369 812 3408 non
825 3355 897 3424 qaod
910 3355 988 3410 bodie
1001 3355 1103 3426 lepitur

99 3425 237 3495 ‘scripta’,
255 3425 301 3479 red
315 3425 410 3493 potios
427 3423 477 3478 ion
493 3422 623 3491 emptam
642 3423 726 3488 fuisse
744 3425 842 3494 optime
860 3427 966 3482 conica.
