2422 3840
261 175 285 226 7.
309 171 341 238 Q.
359 169 495 228 nuclus
514 172 546 227 P.
563 170 594 227 F.
613 171 645 229 P.
658 170 693 227 N.
713 170 903 228 scrEVOLA
1042 173 1083 238 57

76 359 117 400 ne
140 340 262 400 arbores
286 339 363 398 eius
383 358 445 400 non
467 341 641 400 viderentur
658 335 776 401 factae’.
817 342 854 401 of.
872 341 951 400 infra
973 361 1002 418 p.
1022 336 1088 421 68).

79 429 117 489 de
135 427 289 488 nonnullis
306 429 465 505 responsis,
483 447 558 504 quae
576 429 608 488 in
630 427 782 507 Pomponii
799 429 884 490 libris
903 431 942 489 ad
956 431 1088 490 Mucium

78 518 267 594 referuntur,
291 515 416 577 dubium
439 521 499 594 est,
521 520 624 577 utrum
646 518 739 577 Mucii
762 537 802 577 an
824 518 901 578 alius
923 519 998 579 iuris
1021 538 1088 580 oon-

80 607 156 668 aulti
182 605 250 665 sint.
298 609 369 666 sunt
395 609 497 666 autem
525 607 610 666 haee:
637 606 673 666 D.
695 610 722 684 9,
744 611 772 681 2,
792 610 832 669 39
858 599 974 687 (Pomp.
995 600 1086 688 274);

78 696 117 756 D.
132 697 185 772 40,
200 698 229 768 7,
245 695 284 755 29
305 688 423 773 (Pomp.
440 688 518 775 275)
543 698 574 754 et
594 695 632 756 D.
650 697 701 775 29,
716 699 745 772 2,
761 699 803 756 70
822 690 938 774 (Pomp.
954 697 1045 776 315).

169 781 235 843 Hoo
256 783 321 843 loeo
345 802 380 844 ea
401 788 521 844 tantum
539 803 682 861 response
700 785 850 862 oollocavi,
868 804 945 861 quae
963 784 995 843 in
1013 785 1088 846 iuris

79 872 178 934 civilis
204 871 298 931 libros
324 876 446 948 recepta
472 874 565 932 fuisse
591 892 652 933 non
677 874 827 934 videntur.
873 874 995 933 adiunxi
1022 878 1087 952 ety-

78 960 238 1039 mologica,
262 979 339 1038 quae
362 961 461 1021 Mucio
485 962 701 1040 attribuuntur,
723 966 842 1040 praeter
864 981 900 1022 ea
918 981 995 1040 quae
1013 963 1088 1022 iuris

78 1049 178 1111 civilis
200 1049 347 1109 librorum
367 1050 508 1110 videntur
531 1069 603 1110 esse.

172 1171 213 1233 1⁸.
235 1166 340 1232 Varro
364 1167 402 1232 de
425 1168 445 1232 l.
466 1169 486 1234 l.
506 1171 536 1249 6,
554 1171 584 1251 4,
607 1171 694 1252 §30.
717 1208 759 1216 -
784 1170 918 1235 Praetor
940 1169 996 1255 qui
1018 1174 1088 1235 tum

80 1255 141 1341 (sc.
164 1256 276 1322 diebus
298 1257 434 1321 nefastis
456 1258 519 1322 tria
538 1255 650 1346 verba)
668 1259 755 1323 fatue
774 1263 832 1342 est,
856 1260 883 1323 si
901 1258 1088 1343 imprudens

79 1345 170 1424 fecit,
198 1344 355 1428 piaculari
378 1345 486 1411 hostia
512 1345 598 1411 facta
621 1349 741 1431 piatur,
770 1348 797 1412 si
826 1348 967 1432 prudens
998 1347 1088 1431 dixit,

80 1434 119 1510 Q.
137 1433 263 1499 Mucius
287 1433 421 1517 aiebetl,
445 1457 517 1499 eum
541 1436 663 1519 expiari
686 1442 723 1501 ut
745 1437 881 1520 impium
900 1459 965 1502 non
985 1458 1088 1521 posse.

173 1520 216 1588 lb.
240 1521 383 1588 Maerob.
400 1529 459 1588 eat.
477 1525 571 1608 1,16,
587 1525 636 1590 10.
654 1529 837 1610 -praeter
856 1526 993 1590 multem
1011 1548 1088 1590 vero

80 1611 306 1677 affirmabatur
324 1633 407 1696 eum,
425 1612 481 1698 qui
499 1614 620 1679 talibus
641 1615 754 1678 diebus
773 1610 831 1699 (so.
845 1614 949 1701 feriis)
969 1616 1084 1698 impru-

80 1701 160 1766 dens
182 1699 304 1785 aliquid
322 1702 451 1786 egisset,
475 1724 572 1785 porco
592 1703 752 1786 piaculum
772 1706 849 1766 dere
868 1703 992 1785 debere,
1015 1725 1089 1789 pru·

81 1789 211 1854 dentem
230 1789 353 1873 expiari
371 1812 437 1853 non
451 1812 547 1875 posse
563 1788 718 1855 Scaevola
731 1791 878 1874 pontifex
894 1791 1087 1858 affirmabat.

170 1879 201 1942 2.
227 1875 371 1944 Maerob.
395 1879 576 1960 sat.1,16,
601 1881 691 1959 611.
715 1915 757 1925 -
781 1878 936 1944 Scaevola
960 1928 990 1945 ..
1015 1903 1088 1945 oon-

79 1968 196 2048 1111111,
218 1967 293 2052 quid
317 1967 406 2031 feriis
426 1967 481 2052 agi
501 1968 619 2051 liceret,
641 1969 821 2052 respondit:
846 1969 930 2052 quod
949 1973 1088 2051 praeter-

78 2057 217 2120 missum
239 2059 379 2120 noceret.
421 2057 463 2137 [si
485 2056 545 2120 boe
563 2055 598 2121 in
617 2078 746 2141 specum
765 2056 935 2135 decidisset
955 2077 1089 2140 eumque

78 2144 315 2230 paterfamilias
339 2144 493 2210 adhibitis
517 2146 624 2229 operis
646 2145 826 2228 liberasset,
848 2165 914 2208 non
934 2149 983 2208 est
1001 2147 1088 2208 visus

78 2233 178 2298 ferias
212 2233 382 2318 polluisse,
418 2255 478 2298 neo
509 2234 564 2297 ille
598 2233 652 2318 qui
684 2234 809 2298 trabem
842 2231 920 2297 teeti
952 2232 1088 2298 fractam

77 2321 240 2387 fulciendo
265 2323 305 2386 ab
329 2320 513 2386 imminenti
535 2323 712 2388 vindicavit
734 2323 847 2403 ruina]

170 2433 357 2510 Responsum
376 2452 443 2493 cum
462 2434 611 2494 sententia
628 2433 682 2493 illa
700 2453 791 2511 quam
809 2433 890 2511 apud
902 2433 1090 2493 Matthaeum

82 2523 184 2599 12,11
200 2521 338 2599 legimus,
355 2541 480 2598 prorsus
499 2523 665 2582 consentire
681 2526 815 2598 apparet.
848 2522 899 2582 sed
914 2540 989 2599 quae
1003 2521 1088 2582 uncis

79 2610 202 2682 inclusi,
224 2630 284 2671 non
306 2611 410 2688 Mucii,
434 2611 485 2670 sed
507 2611 680 2687 interpretis
703 2612 843 2671 videntur
866 2629 938 2671 esse.

170 2729 200 2793 3.
223 2727 307 2793 Fest
322 2751 350 2793 1.
362 2730 492 2814 petitam
507 2752 538 2814 p.
548 2730 622 2795 205.
636 2765 680 2776 -
694 2730 833 2794 Petilam
849 2751 957 2794 suram
973 2730 1089 2794 siccam

80 2827 114 2881 et
151 2817 359 2882 substrictam
396 2819 495 2902 vulgo
532 2819 795 2902 interpretentur.
850 2817 1003 2883 Scaevola
1036 2818 1090 2900 ait,

80 2907 235 2991 ungulam
261 2906 368 2970 albam
392 2908 465 2990 equi
487 2907 535 2971 ita
559 2907 629 2972 dici.

171 2996 202 3060 4.
225 2993 310 3059 Fest
329 3016 358 3060 1.
376 2994 546 3059 nefrendes
565 3018 595 3079 p.
611 2995 682 3060 162.
704 3031 742 3042 -
763 2995 964 3078 (Nefrendes
986 2994 1088 3058 dictos

81 3084 198 3147 asserit
221 3082 259 3159 Q.
277 3082 423 3166 Mucius>
447 3082 601 3149 Scaevola
624 3085 798 3167 <arietes>,
826 3084 910 3167 quod
939 3082 1089 3147 dentibus

79 3171 227 3235 frendere
250 3193 315 3235 non
338 3173 472 3256 possint.

171 3259 201 3324 5.
220 3259 326 3324 Varro
341 3261 379 3324 de
394 3262 413 3325 l.
428 3261 449 3325 l.
464 3261 493 3341 5,
512 3261 561 3343 15,
576 3261 627 3325 83.
642 3297 685 3308 -
699 3259 880 3337 Pontifices,
895 3262 931 3324 ut
948 3258 984 3335 Q.
999 3258 1091 3324 Scae·

81 3349 157 3413 vola
180 3346 326 3432 pontifex
350 3351 509 3414 maximus
534 3349 669 3432 dicebat,
693 3371 712 3412 a
736 3370 830 3432 posse
854 3355 887 3412 et
908 3349 1022 3412 fecere.

151 3546 166 3592 1
189 3539 478 3615 1111511561111911,
501 3545 644 3619 abigebat
664 3547 727 3607 cod..
743 3547 794 3616 F,
817 3538 1000 3611 ambigenat
1013 3535 1134 3589 11611113
