2422 3840
376 165 402 214 5.
425 159 455 214 O.
469 157 672 214 TREBATIUS
690 156 807 214 TESTA
1030 157 1097 222 415

86 343 158 387 eam
190 322 312 407 ceperit
343 343 381 387 eo
414 322 536 406 animo,
566 326 603 387 ut
632 323 700 407 ipse
730 322 947 405 lucrifaceret,
974 321 1096 388 furtum
1165 365 1168 370 -

84 410 187 476 videri
210 411 305 476 nobis
329 433 400 476 eum
426 411 633 475 commisisse.

425 602 472 660 De
493 602 537 661 rei
558 603 756 662 abdicatione.

174 719 226 784 31.
254 718 293 785 D.
312 720 342 802 6,
362 722 391 802 l,
410 719 461 786 33.
494 719 613 785 Paulus
631 719 716 784 libro
735 720 910 785 vicensimo
929 719 1034 804 primo
1053 720 1094 784 ad

84 807 224 872 edictum
243 805 292 894 (P.
308 804 396 894 338).
437 807 576 873 Fructus
598 829 666 872 non
689 809 785 874 modo
806 810 960 893 percepti,
982 809 1037 873 sed
1061 812 1094 873 et

84 896 139 980 qui
161 897 283 981 percipi
305 897 440 962 honeste
458 900 635 980 potuerunt
653 898 845 962 aestimandi
864 901 949 980 sunt,
970 903 1002 962 et
1020 898 1093 962 ideo
1196 955 1199 962 .

84 985 112 1049 si
140 986 214 1050 dolo
243 991 299 1050 aut
326 987 421 1069 culpa
446 987 644 1070 possessoris
671 1008 722 1050 res
744 987 848 1071 petita
870 987 1014 1072 perierit,
1041 1008 1093 1051 ve-

82 1073 201 1138 riorem
228 1077 322 1158 putat
345 1074 542 1158 Pomponius
565 1072 712 1140 Trebatii
738 1075 924 1159 opinionem
947 1076 1092 1159 putantis

82 1184 120 1227 eo
153 1184 254 1246 usque
286 1163 449 1228 fructuum
480 1163 639 1228 rationem
668 1164 865 1248 habendam,
896 1185 959 1247 quo
991 1185 1093 1248 usque

82 1250 269 1333 haberetur,
298 1253 325 1315 si
352 1274 418 1317 non
444 1252 595 1336 perisset,
624 1252 657 1316 id
685 1255 734 1317 est
761 1252 801 1317 ad
828 1253 875 1317 rei
902 1252 1092 1317 iudicandae

81 1344 220 1423 tempus.

352 1443 399 1502 Dc
419 1444 532 1503 laomc'ue
555 1445 642 1504 libero
665 1445 826 1504 exbibenda.

171 1563 222 1627 32.
250 1560 289 1626 D.
303 1562 356 1642 43,
375 1562 428 1645 29,
441 1563 472 1643 4,
488 1563 516 1628 1.
553 1561 728 1627 Venuleius
753 1563 837 1626 libro
861 1566 975 1646 quarto
996 1563 1091 1628 inter·

82 1650 238 1714 dictorum
267 1646 317 1736 (P.
337 1647 406 1736 21).
451 1649 623 1715 Trebatius
651 1696 686 1715 ..
714 1652 761 1715 ait
787 1672 851 1715 non
878 1651 982 1715 teneri
1009 1673 1092 1738 eum,

80 1739 302 1892 qeqiinLipterum
330 1739 495 1803 hominem
522 1762 580 1823 pro
610 1761 703 1804 servo
726 1740 813 1804 bona
834 1739 899 1804 fide
922 1742 1036 1804 emerit
1058 1747 1091 1805 et

417 1929 568 1990 Communi
590 1931 754 1990 dividundo.

169 2051 222 2115 33.
248 2048 289 2116 Ι).
309 2051 364 2134 10,
382 2052 417 2133 3,
435 2050 470 2131 6,
489 2051 518 2116 6.
559 2048 717 2135 Ulpianus
744 2048 828 2115 libro
853 2070 939 2113 nono
964 2048 1089 2115 decimo

81 2137 122 2202 ad
151 2139 290 2203 edictum
314 2138 362 2225 (P.
381 2135 490 2226 639b).
538 2138 573 2203 Si
601 2139 673 2223 quis
700 2138 735 2202 in
760 2159 961 2203 communem
985 2139 1090 2203 locum

80 2229 243 2289 mortuum
275 2228 433 2310 intulerit,
466 2249 508 2292 an
543 2227 731 2312 religiosum
762 2226 875 2291 fecerit
908 2226 1088 2291 videndum.

152 2312 321 2378 Trebatius
345 2363 375 2379 ..
399 2320 432 2380 et
449 2315 556 2381 Labeo
580 2338 775 2401 quamquam
797 2319 914 2400 putant
936 2337 1001 2380 non
1020 2337 1088 2379 esse

80 2402 187 2552 loourplr
219 2401 406 2487 religiosum
437 2403 573 2489 factum,
609 2409 719 2470 tamen
750 2409 868 2489 putant
896 2405 934 2468 in
965 2404 1088 2468 factum

80 2509 163 2573 agen
186 2512 248 2554 um.
360 2536 364 2540 -

379 2593 483 2669 Aquae
499 2598 620 2670 paulae
642 2597 791 2656 arcendae.

169 2713 220 2777 34.
244 2711 282 2777 D
298 2713 350 2794 39,
364 2715 393 2793 3,
409 2714 438 2793 1,
452 2716 482 2780 3.
516 2713 677 2799 Ulpianus
695 2715 779 2780 libro
799 2713 1087 2815 quinquagensimo

78 2802 153 2865 tert'
143 2823 176 2866 ιο
129 2802 240 2865 tad
263 2801 403 2866 edictum
427 2764 478 2888 (P.
496 2800 607 2889 1285).
647 2803 696 2868 De
720 2826 757 2868 eo
781 2824 886 2888 opere,
910 2803 995 2886 quod
1018 2803 1089 2886 agri

78 2890 206 2954 colendi
233 2911 330 2955 causa
358 2895 466 2954 aratro
494 2892 687 2956 factumt
643 2892 700 2973 sit,
688 2890 866 2967 'Quintus
889 2889 1013 2955 Mucius
1041 2889 1088 2953 ait

77 3001 142 3044 non
172 2981 353 3080 competere
375 2978 533 3044 hanctact
534 2980 651 3044 ionem.
696 2979 868 3044 Trebatius
892 2981 947 3042 aut
949 3000 999 3042 em
1021 2999 1088 3042 non

78 3067 164 3150 quod
196 3069 279 3153 agri,
318 3068 373 3132 sed
410 3068 494 3149 quod
529 3067 682 3132 frumenti
714 3069 882 3132 dumtaxat
913 3064 1087 3151 quaerendi

78 3177 176 3220 causa
200 3160 307 3221 aratro
330 3157 452 3220 factum
476 3157 580 3220 solum
604 3157 737 3240 excepit.

167 3244 219 3310 35.
242 3244 281 3310 D.
296 3246 348 3329 39,
363 3246 394 3329 3,
408 3243 459 3326 11,
473 3242 503 3308 5.
523 3244 552 3308 6.
579 3243 697 3309 Paulus
716 3245 800 3309 libro
817 3243 1086 3330 quadragensimo

77 3353 163 3396 nono
196 3333 237 3397 ad
269 3334 407 3399 edictum
434 3331 483 3420 (P.
503 3329 591 3420 634).
643 3330 678 3398 si
710 3354 749 3397 ex
780 3333 907 3418 privato
940 3351 1019 3416 agro
1051 3332 1087 3396 in

78 3442 193 3505 agrum
215 3443 417 3488 communem
436 3444 519 3507 aqua
537 3422 741 3507 immittatur,
763 3421 878 3487 Ofilius
897 3420 944 3486 ait
963 3420 1085 3485 socium

76 3531 151 3573 eum
179 3531 216 3574 eo
245 3532 340 3595 agere
367 3533 471 3597 posse.
516 3511 687 3576 Trebatius
715 3511 897 3595 existimat,
925 3511 960 3574 si
981 3509 1027 3572 <ie
1050 3531 1094 3568 aa
