2422 3840
132 135 197 214 286
225 149 1139 224 111.1111111111111111111111111111111111

220 315 248 379 8.
280 312 319 378 D.
343 314 419 378 ibid.
443 316 512 395 54.
562 312 650 400 Cum⁴
674 314 743 398 pila
775 313 955 399 complures
983 314 1139 399 luderent,

131 403 260 486 quidam
283 424 322 466 ex
344 403 396 466 his
420 405 589 485 servulum,
613 425 685 467 cum
708 404 809 487 pilam
830 404 993 487 percipere
1012 425 1139 467 conare·

131 495 193 573 tur,
212 491 351 574 impulit,
370 513 479 556 servus
498 491 613 556 cecidit
632 495 664 555 11
683 513 755 555 1111
774 491 882 576 fregit.
914 491 1140 576 quaerebatur,

132 603 174 644 an
193 580 340 644 dominus
360 580 477 644 servuli
495 581 566 666 lege
581 580 714 663 Aquilia
733 602 805 644 cum
824 603 871 663 eo,
890 580 981 645 cuins
995 583 1139 665 impulsu

130 668 298 751 ceciderat,
320 690 416 754 agere
433 672 551 753 potest.
592 669 745 754 respondi
762 691 827 733 non
845 691 951 753 posse,
970 675 1042 734 crim
1062 691 1139 734 casu

129 758 234 843 magis
258 778 356 842 quam
380 757 475 840 culpa
496 758 658 822 1111111111
681 757 812 821 factum.

532 896 576 950 De
591 898 733 965 pauperie.

98 1014 101 1019 ·
218 997 247 1061 9.
275 997 314 1062 D.
334 997 364 1079 9,
385 999 412 1080 1,
431 995 460 1061 5.
494 997 631 1060 Alfenus
654 997 737 1061 libro
760 996 899 1062 secundo
919 996 1136 1081 Digestorum.

128 1085 239 1170 Agaso
272 1107 345 1149 cum
376 1085 410 1148 in
441 1085 610 1149 tabernam
643 1106 761 1169 equum
797 1085 979 1170 deduceret,
1015 1087 1137 1150 mulam

129 1195 227 1258 equus
260 1173 382 1258 olfecit,
415 1174 505 1238 mula
537 1174 656 1237 calcem
686 1173 798 1239 reiecit
831 1176 864 1237 et
895 1195 967 1238 crus
1001 1176 1137 1259 agasoni

128 1262 236 1352 fregit,
274 1262 509 1347 consulebatur,
531 1265 681 1346 possetne
705 1284 778 1327 cum
800 1261 931 1327 domino
949 1263 1055 1328 mulae
1074 1265 1136 1347 agi,

128 1352 211 1436 quod
237 1372 275 1414 ea
298 1351 485 1436 pauperiem
508 1350 647 1415 fecisset
687 1351 840 1435 respondi
862 1372 968 1434 posse.

218 1440 268 1503 10.
297 1439 335 1502 D.
355 1441 388 1523 9,
408 1440 444 1521 2,
462 1440 519 1522 52,
538 1441 568 1504 3.
610 1439 747 1503 Alfenus
770 1440 854 1504 libro
879 1439 1018 1504 secundo
1041 1439 1136 1524 Dige-

84 1543 87 1549 '
128 1534 260 1592 storum.
312 1527 449 1604 Quidam
482 1529 580 1592 boves
612 1528 756 1592 vendidit
780 1551 825 1593 ,ea
852 1528 937 1614 lege,
970 1529 1017 1592 uti
1045 1527 1137 1592 daret

127 1616 350 1701 experiundos.
377 1621 492 1700 postea
507 1617 594 1681 dedit
607 1616 830 1700 experiundos.
854 1617 1008 1700 emptoris
1023 1638 1134 1680 servus

127 1705 160 1769 in
193 1704 389 1788 experiundo
420 1727 589 1789 percussus
622 1706 664 1770 ab
697 1705 797 1770 altero
832 1705 913 1770 bove
945 1725 1045 1770 cornu
1075 1709 1134 1769 est.

127 1793 350 1879 quaerebatur,
373 1817 449 1858 num
472 1794 621 1858 venditor
641 1794 780 1879 emptori
799 1794 950 1857 damnum
969 1797 1134 1877 praestare

127 1883 266 1947 deberet.
311 1883 477 1966 respondi,
505 1884 532 1946 si
562 1886 688 1966 emptor
715 1882 813 1947 boves
843 1887 969 1967 emptos
991 1882 1134 1966 haberet,

126 1992 192 2036 non
211 1971 326 2036 debere
344 1977 522 2056 praestare;
547 1972 602 2036 sed
622 1972 649 2035 si
667 1993 733 2036 non
752 1970 887 2035 haberet
905 1976 1040 2054 emptos,
1063 1977 1134 2035 tum

126 2061 154 2124 si
185 2061 281 2145 culpa
310 2061 448 2125 hominis
476 2060 598 2125 factum
626 2064 724 2145 esset,
755 2064 792 2123 11
819 2081 838 2124 1
866 2059 947 2125 bove
975 2059 1134 2138 feriretur,

125 2171 191 2214 non
214 2149 329 2213 debere
352 2150 525 2233 praestari,
549 2150 575 2213 si
598 2148 678 2214 vitio
702 2149 809 2230 bovis,
833 2147 955 2213 debere.
1073 2197 1075 2200 -

484 2288 527 2341 De
544 2302 620 2341 seruo
637 2293 772 2356 corrupto.

216 2388 265 2451 11.
295 2386 334 2451 D.
355 2388 410 2467 11,
429 2388 463 2471 3,
485 2387 534 2451 16.
577 2386 714 2451 Alfenus
744 2385 849 2451 Varus
879 2386 963 2452 libro
994 2388 1132 2452 secundo

124 2475 340 2561 Digestorum.
390 2475 548 2540 Dominus
577 2496 703 2539 servum
731 2476 984 2559 dispensatorem
1018 2499 1132 2541 manu-

125 2565 227 2647 misit,
254 2569 368 2647 postea
395 2565 537 2629 rationes
565 2564 605 2628 ab
632 2586 668 2628 eo
698 2565 822 2648 accepit
845 2569 878 2628 et
901 2586 973 2630 cum
997 2565 1041 2629 eis
1065 2587 1132 2630 non

124 2656 302 2735 constaret,
330 2654 475 2737 conperit
498 2653 582 2737 apud
606 2653 767 2736 quandam
791 2653 1013 2719 mulierculam
1035 2675 1131 2737 pecu-

124 2743 211 2805 niam
235 2763 308 2805 eum
332 2743 584 2825 consumpsisse:
610 2741 836 2826 quaerebatur,
859 2745 1012 2825 possetne
1035 2763 1131 2827 agere

124 2831 207 2894 11111
225 2830 367 2914 corrupti
386 2852 457 2894 cum
478 2852 516 2895 ea
534 2830 677 2908 muliere,
696 2852 767 2895 curn
779 2831 814 2921 ¹is
834 2852 943 2895 servus
962 2831 1028 2895 iam
1047 2832 1132 2895 liber

124 2920 218 2983 esset.
266 2919 421 3003 respondi
448 2940 557 3004 posse,
591 2918 646 2982 sed
674 2919 772 2983 etiam
799 2919 878 2983 furti
906 2920 944 2983 de
976 2921 1131 3003 pecuniis,

124 3030 204 3091 quas
229 3029 338 3072 servus
362 3007 402 3072 ad
426 3030 496 3072 eam
520 3008 697 3072 detulisset.

542 3147 586 3201 De
603 3147 715 3201 iudicio.

212 3239 262 3304 12.
294 3239 333 3304 D.
352 3238 383 3322 5,
403 3241 431 3321 1,
452 3238 501 3303 76.
540 3238 675 3302 Alfenus
698 3238 780 3302 libro
800 3242 890 3303 sexto
909 3238 1130 3323 Digestorum.

122 3326 368 3411 Proponebatnr
400 3350 439 3392 cx
469 3327 520 3391 bis
553 3326 723 3409 iudicibus,
755 3329 810 3411 qui
837 3328 872 3390 in
901 3328 1034 3392 candem
1063 3350 1130 3393 rem

115 3415 190 3478 ‘dati
212 3419 330 3498 essent,
352 3417 523 3481 nonnullos
546 3436 644 3479 causa
667 3414 777 3479 audita
800 3420 968 3480 excusatos
988 3439 1058 3481 1111
1080 3417 1130 3481 in-

118 3524 182 3581 que
208 3526 319 3567 eorum
350 3505 457 3570 locum
481 3504 561 3568 alios
585 3525 653 3567 esse
677 3509 823 3588 sumptos
848 3507 882 3568 et
905 3508 1130 3590 quaerebatur,
