2422 3840
432 180 459 228 2.
482 175 598 230 AULUS
618 173 758 230 OPILIUS
1034 175 1098 240 347

178 342 290 400 Errant
322 342 373 419 qui
406 343 569 401 secundum
601 361 720 419 quoque
752 342 826 402 iuris
854 344 961 418 partiti
987 344 1098 404 librum

88 430 175 489 citari
198 434 320 506 putant:
348 424 449 489 ‘idem'
474 431 566 506 56666,
590 450 677 508 quem
702 426 790 490 ‘libro
814 426 953 491 secundo’
977 433 1099 493 arbores

87 519 220 578 nondum
247 520 379 579 concisas
405 519 434 578 ei
456 520 573 598 legatas
597 537 661 579 esse
684 519 831 595 Ulpianus
855 513 905 601 (D.
921 522 976 597 32,
992 523 1048 598 55,
1064 515 1098 603 2)

88 627 198 684 negare
222 608 307 686 dicit,
331 608 380 667 cui
401 608 484 685 ligna
506 609 609 684 legata
631 608 705 684 sint,
728 628 788 668 non
812 607 918 668 Ofilius
941 613 995 687 est,
1019 611 1100 687 quod

88 698 136 757 vel
158 697 307 758 LenelP.
330 700 368 756 19
394 653 791 774 statu1'tt,se‹lQ.Ml1cins.

176 785 212 844 In
229 786 315 844 libris
335 785 422 861 enim,
447 805 521 861 quos
539 781 689 886 Ulpianus
708 786 746 844 ad
765 785 909 846 Sabinum
928 786 1056 865 scripsit,
1080 806 1099 847 a

88 875 203 934 decimo
225 874 329 952 quinto
348 893 443 950 usque
462 875 501 933 ad
518 874 693 934 vicesimum
712 875 891 953 5666666666,
883 895 914 933 1n
933 875 1042 953 quibus
1062 875 1098 937 ds

88 964 196 1038 legatis
216 982 313 1022 sermo
332 967 377 1023 est
397 956 445 1042 (Ρ.
460 956 704 1043 2531-2682),
724 965 754 1022 56
773 962 806 1034 Q.
821 964 938 1024 Mucius
956 983 1098 1024 6566665

87 1052 230 1111 laudatur
254 1044 302 1133 (P.
322 1044 433 1114 abaci.
453 1053 547 1112 2595.
567 1054 664 1130 2606,
679 1055 707 1112 9.
728 1055 822 1112 2641.
844 1047 944 1132 2679)
968 1057 999 1112 56
1021 1052 1099 1112 161656

88 1142 151 1199 eius
187 1140 332 1200 secundus
359 1141 435 1200 iuris
463 1141 560 1200 civilis
587 1141 634 1200 bis
662 1132 709 1219 (P.
730 1143 824 1201 2641.
853 1135 964 1222 2679).
1013 1142 1098 1219 prius

86 1230 290 1306 fragmentum
321 1248 357 1288 ex
384 1229 506 1314 Ulpiani
533 1230 610 1289 libro
638 1229 739 1305 XXII,
772 1230 922 1305 posterius
955 1250 991 1290 56
1020 1231 1098 1290 libro

87 1316 219 1376 XXVIII
246 1318 438 1394 desumptum
467 1322 526 1396 est3
556 1319 632 1378 611666
660 1318 696 1378 65
722 1338 801 1394 penu
831 1319 945 1396 legata,
975 1320 1031 1379 hoc
1062 1320 1098 1379 de

87 1407 170 1483 ligno
197 1408 297 1482 legato
325 1411 380 1466 est.
426 1402 521 1485 ligna
543 1410 574 1466 et
597 1408 740 1467 carbones
764 1410 922 1485 ceteraque
946 1428 998 1482 per
1021 1427 1097 1486 quae
1158 1466 1162 1476 ,

87 1515 182 1571 penus
201 1496 358 1555 conficeret
346 1499 404 1573 6666,
428 1515 467 1554 an
484 1497 588 1572 penori
605 1497 706 1572 legato
726 1492 956 1574 contineantur,
980 1501 1097 1558 avete

87 1585 171 1644 ribus
200 1586 415 1662 quaerebatur,
444 1579 487 1644 56
515 1583 645 1655 QuIntus
672 1584 790 1644 Mucius
818 1589 849 1644 56
873 1582 979 1646 Ofilius
1006 1605 1097 1663 nega·

87 1667 205 1733 656666
228 1666 278 1754 (D.
295 1675 345 1749 33,
361 1676 389 1748 9,
405 1676 433 1751 3,
450 1676 467 1733 9
492 1669 789 1785 6116666.Ρ.2641),

175 1762 207 1823 Ρ.
224 1765 307 1822 2679
328 1781 399 1822 vero
421 1762 494 1820 haec
513 1762 681 1821 adduntur:
703 1756 758 1837 lig
741 1761 791 1819 oni
809 1763 971 1839 appellatio
989 1782 1097 1823 nomen

86 1852 225 1927 generale
244 1854 316 1912 566
352 1849 516 1919 .eQuint
517 1868 553 1909 us
503 1850 684 1909 tMucius
702 1851 780 1909 libro
799 1851 928 1911 secundo
946 1852 1095 1912 refert

86 1933 118 2017 (1
103 1932 259 2015 lOfilius)
278 1957 396 2015 quoque
414 1938 491 1998 libro
511 1938 616 2014 quinto
633 1938 709 1997 iuris
728 1938 834 2019 partiti
852 1939 897 1999 Ita
916 1940 1095 2016 scripsit..

89 2019 257 2106 (sulcem)
289 2027 367 2086 libro
398 2016 525 2087 secundo
555 2030 708 2104 negat..
728 2010 832 2109 ,(7)
860 2028 886 2087 66
912 2028 1030 2106 lignum
1057 2031 1097 2089 666

85 2119 173 2190 parat
173 2135 224 2172 um
257 2116 295 2174 66
327 2115 469 2174 carbones
496 2115 710 2190 5556566666
692 2118 783 2192 atque
811 2117 1021 2193 conficiendas,
1053 2118 1097 2177 ait

86 2202 192 2262 Ofilius
219 2203 296 2262 libro
328 2204 470 2280 quinto
461 2204 536 2264 666666
566 2204 672 2281 partiti
702 2206 864 2264 carbonum
895 2205 1096 2281 appellatione

85 2292 255 2352 huiusmodi
279 2293 436 2351 materiam
459 2312 519 2352 non
542 2292 701 2369 contineri3
725 2293 776 2352 sed
800 2313 838 2352 an
860 2288 1046 2371 lignorum?’

174 2380 232 2450 Qui
255 2383 293 2440 ad
316 2381 427 2440 librum
449 2381 536 2440 XXII
559 2384 590 2440 56
613 2381 646 2440 P.
664 2383 748 2442 2641
773 2382 921 2460 respiciet,
944 2383 1018 2442 haec
1041 2382 1096 2442 Ul·

84 2470 166 2546 pieni
189 2471 282 2530 verba
304 2471 448 2529 inveniet:
472 2463 675 2546 ‘carpenum
698 2471 781 2546 legat
804 2470 876 2546 56666
898 2471 999 2547 legato
1019 2490 1096 2531 com-

83 2560 249 2636 plectatur,
285 2559 447 2619 videamus.
506 2562 536 2619 et
568 2558 695 2630 Quintus
727 2559 843 2618 Mucius
882 2559 987 2619 scribit
1017 2561 1094 2620 libro

84 2648 213 2707 secundo
241 2647 315 2706 iuris
344 2647 440 2708 civilis
470 2692 476 2706 .
502 2695 508 2706 .
533 2695 539 2708 .
567 2646 648 2707 66566
676 2647 804 2707 Sabinus
832 2648 996 2708 ..scribit
1024 2695 1031 2709 .
1056 2697 1061 2709 .
1087 2693 1095 2710 .

84 2729 118 2814 (Q
139 2732 172 2814 5)
196 2736 303 2796 Penori
326 2739 443 2796 acetum
467 2755 585 2813 quoque
609 2736 712 2796 cedere
735 2755 822 2796 neruo
846 2736 966 2797 dubitat
1065 2740 1096 2797 et

83 2825 127 2882 ita
142 2824 247 2884 Ofilius
266 2826 343 2885 libro
363 2829 446 2884 sexto
465 2825 578 2884 6556665
596 2825 747 2884 actionum
762 2825 865 2885 scribit
884 2868 935 2884 ...
956 2818 990 2908 (Q
1006 2818 1040 2907 6)
1065 2871 1095 2887 ..

84 2912 117 2982 Q.
132 2913 249 2972 Mucius
269 2959 276 2974 .
293 2961 298 2972 .
315 2959 321 2973 .
338 2904 372 2993 (Q
388 2905 422 2992 8)
439 2960 467 2975 ..
487 2915 518 2972 et
534 2911 641 2972 Ofilius
660 2913 765 2973 scribit
783 2913 860 2973 libro
880 2917 963 2973 sexto
980 2915 1094 2990 6556665

84 3003 244 3061 6566566666.
278 2993 312 3083 (Q
329 2994 362 3081 8)
381 3002 464 3079 ligna
483 3005 513 3060 et
532 3002 675 3062 carbones
690 3049 697 3064 .
712 3046 719 3061 .
735 3048 741 3060 .
757 3002 920 3078 5666566666,
953 3005 984 3060 56
1002 3001 1094 3073 Quin·

82 3093 131 3149 tus
153 3091 270 3149 Mucius
294 3095 324 3149 et
348 3089 453 3149 Ofilius
479 3094 666 3168 negaverunt
689 3084 752 3150 ...'

171 3179 277 3255 Itaque
298 3179 401 3249 Quinti
418 3179 512 3238 Mucii
534 3179 646 3238 librum
668 3179 832 3238 6556666666
855 3178 940 3255 quasi
958 3197 1094 3238 normam

82 3266 230 3343 Ulpianus
263 3268 411 3344 sequitur,
446 3271 482 3327 666
515 3268 550 3326 65
585 3267 675 3327 rebus
712 3287 779 3326 oum
813 3285 922 3343 penore
955 3268 1093 3327 connexis

83 3356 225 3434 disputet,
249 3376 308 3416 uon
331 3357 418 3416 66565
437 3357 469 3414 66
487 3356 564 3415 libro
583 3356 670 3416 XXII
688 3358 741 3416 sed
759 3356 850 3415 etiam
868 3356 900 3414 iu
918 3355 995 3414 libro
1009 3355 1094 3414 XXV

83 3444 248 3505 scribendo.
298 3444 404 3505 Ofilius
437 3446 600 3505 secundum
632 3445 751 3505 demum
783 3446 882 3505 locum
912 3445 944 3503 in
970 3444 1093 3521 Ulpiani

83 3533 305 3593 commentariis
324 3535 452 3594 obtinet:
477 3529 617 3605 ξ6666666666
636 3534 754 3595 Mucius
776 3534 955 3595 ...656566
989 3531 1112 3587 Qum
