2422 3840
419 161 444 210 2.
467 154 585 209 AULUS
604 153 746 208 OFILlUS
924 112 926 118 *
1022 153 1087 218 335

457 358 481 416 I.
512 358 706 433 Responsa.

45 523 48 527 ·
166 491 234 550 Non
261 492 334 566 ipse.
348 489 454 550 Ofilius
482 509 624 565 responsa
648 491 780 569 collegit,
812 511 887 568 quae
910 511 969 550 non
992 512 1089 569 pauca

78 581 251 639 referuntur
278 599 296 638 a
323 580 475 655 Labeone,
503 579 657 656 Iauoleno,
685 580 793 655 Paulo,
822 581 964 658 Ulpiano,
992 601 1089 657 neque

77 670 188 744 ubique
213 689 230 728 a
253 669 359 728 ceteris
384 668 449 727 eius
474 668 631 727 sententiis
655 672 736 727 certo
760 670 873 728 secerni
894 673 1029 745 possunt.
1103 706 1104 710 =

456 881 503 939 De
525 884 706 941 testamentis.

171 1004 197 1064 1.
226 999 264 1065 D.
280 1001 332 1081 28,
351 1001 384 1078 6,
401 1001 443 1065 39
454 1021 502 1084 pr.
537 998 709 1064 Iavolenus
732 999 815 1064 libro
839 1001 944 1083 primo
968 1023 1007 1065 ex
1030 1024 1088 1086 po-

79 1090 258 1154 steroribus
284 1089 442 1153 Labeonis
467 1085 516 1174 (P.
533 1085 621 1174 164).
657 1086 738 1154 Cum
762 1111 801 1153 ex
824 1089 890 1153 filio
915 1090 987 1174 quis
1007 1091 1087 1155 duos

78 1182 214 1262 nepotes
247 1178 429 1262 impuberes
461 1176 617 1261 habebat,
649 1178 704 1241 sed
738 1177 876 1242 alterum
909 1199 1021 1243 eorum
1053 1181 1087 1244 in
1131 1210 1134 1216 ·

79 1271 250 1352 potestate,
273 1267 411 1330 alterum
433 1287 513 1349 non,
542 1269 575 1329 et
599 1265 697 1331 vellet
719 1270 889 1350 utrumque
913 1289 953 1331 ex
976 1269 1087 1352 aequis

77 1357 224 1440 partibus
252 1355 404 1420 heredem
431 1354 550 1420 habere
579 1358 624 1438 et,
652 1355 680 1419 si
706 1354 778 1440 quis
802 1378 841 1419 ex
863 1355 914 1420 his
937 1358 1087 1442 impubes

78 1446 280 1522 decessisset,
314 1446 354 1508 ad
387 1444 524 1508 alterum
556 1447 681 1526 partem
719 1444 787 1508 eius
825 1444 1011 1510 transferre:
1049 1469 1088 1511 ex

78 1534 214 1598 consilio
242 1533 402 1597 Labeonis
430 1531 518 1596 Ofilii
545 1530 695 1597 Cascellii
722 1532 865 1597 Trebatii
893 1555 965 1598 eum
992 1556 1087 1619 quem

77 1624 112 1686 in
144 1625 305 1706 potestate
332 1621 475 1686 habebat
508 1621 612 1685 solum
638 1621 787 1685 heredem
814 1622 892 1687 feeit
919 1626 952 1687 et
980 1624 1020 1688 ab
1049 1646 1086 1689 eo

78 1712 172 1776 alteri
210 1709 375 1774 dimidiam
412 1712 538 1793 partem
575 1709 780 1794 hereditatis,
818 1732 890 1775 oum
926 1713 959 1778 in
995 1735 1087 1777 suam

78 1801 213 1863 tutelam
238 1800 387 1882 venisset,
410 1799 546 1882 legavit:
571 1797 655 1882 quod
679 1799 707 1861 si
730 1800 768 1882 is,
791 1799 902 1882 quiin
926 1805 1087 1885 potestate

79 1910 137 1951 sua
167 1892 265 1971 esset,
292 1887 439 1971 impubes
471 1887 673 1966 decessisset,
706 1887 842 1951 alterum
874 1887 1025 1953 heredem
1057 1891 1087 1954 ei

78 1976 254 2039 substituit.

168 2083 197 2144 2.
222 2081 260 2146 D.
275 2082 327 2163 28,
343 2082 372 2160 6,
387 2081 438 2164 39,
454 2082 482 2144 1.
498 2082 527 2146 2.
556 2080 725 2145 lavolenus
749 2082 833 2146 libro
853 2083 957 2166 primo
977 2106 1015 2148 ex
1033 2107 1088 2169 po-

80 2170 269 2234 sterioribus
288 2169 449 2234 Labeonis
469 2166 518 2255 (P.
535 2169 622 2253 164).
660 2169 798 2246 Quidam
822 2175 974 2255 quattuor
996 2172 1087 2237 here·

79 2260 135 2323 des
163 2258 284 2322 fecerat
299 2263 344 2323 ‘et
372 2258 522 2323 omnibus
546 2258 717 2324 heredibus
740 2266 868 2343 praeter
891 2282 990 2325 unum
1014 2262 1086 2326 sub·

80 2349 245 2412 stituerat:
265 2370 347 2413 unus
367 2349 431 2431 ille,
449 2346 501 2412 cui
518 2369 585 2412 non
605 2351 675 2413 erat
693 2349 863 2433 quisquam
883 2351 1087 2434 substitutus,

79 2441 112 2501 et
146 2459 183 2500 ex
218 2438 332 2501 ceteris
365 2437 446 2500 alter
476 2438 550 2501 vivo
581 2441 674 2521 patre
703 2437 845 2511 familias
876 2438 1087 2504 decesserant.

78 2529 217 2609 partem,
250 2525 302 2589 cui
332 2547 427 2589 nemo
461 2530 531 2590 erat
563 2523 784 2610 substitutus,
801 2527 841 2591 ad
874 2523 1086 2592 substitutum

78 2636 204 2698 quoque
227 2614 388 2697 pertinere
412 2613 526 2679 Ofilius
550 2613 728 2680 Cascellius
751 2617 993 2699 responderunt.
1027 2640 1030 2645 ·

167 2722 195 2786 3.
225 2719 335 2785 Cicero
360 2720 513 2785 Trebatio
534 2743 558 2785 s.
577 2721 605 2786 d.
626 2717 669 2809 (a.
689 2719 831 2808 710s44).
868 2721 938 2787 Silii
958 2745 1086 2789 causam

77 2814 109 2873 te
129 2809 224 2874 docui
245 2859 298 2873 ...
320 2830 440 2894 negare
459 2810 567 2875 aiebat
586 2809 732 2875 Servium
750 2811 878 2879 tabulas
897 2814 1086 2877 testamenti

77 2920 148 2962 esse
172 2920 235 2976 eas,
259 2920 338 2982 quas
357 2898 554 2963 instituisset
577 2899 605 2963 is
629 2900 684 2982 qui
707 2899 881 2965 factionem
900 2902 1084 2965 testament'

75 3009 142 3052 non
155 2987 319 3073 habuerit,
333 2989 396 3051 hoo
410 2988 495 3051 idem
506 2985 637 3051 Ofilium
652 2988 755 3053 dicere
771 3037 814 3053 ...
829 2989 884 3073 (ad
894 2990 969 3054 fam.
982 2989 1084 3076 7,21.)

491 3206 538 3264 Dc
560 3207 668 3278 locatis.

165 3338 282 3413 Legata
312 3340 397 3398 uxori
424 3340 530 3398 relicta
557 3338 685 3414 primum
717 3339 816 3399 looum
844 3316 993 3399 obtinent:
1025 3361 1085 3402 non

76 3427 174 3484 solum
206 3427 329 3501 partitio
363 3429 463 3505 legata
495 3427 547 3502 (D.
572 3429 627 3504 32,
652 3430 705 3503 29,
732 3421 770 3508 1)
803 3431 834 3487 et
867 3429 919 3489 dos
950 3431 1087 3506 relegata

77 3510 127 3594 (D.
148 3518 198 3592 33,
219 3518 247 3592 4,
268 3517 296 3589 6,
318 3508 351 3596 1)
376 3518 563 3596 nominatur,
587 3517 761 3577 sedetiam
778 3518 895 3577 ninum
915 3517 1026 3571 oneum
1041 3516 1112 3564 nm·
