2422 3840
272 166 298 216 ’1.
323 156 355 223 Q.
373 154 510 214 isumus
528 159 558 216 P.
573 159 603 215 F.
616 159 647 214 P.
662 159 697 215 N.
713 159 903 216 scssvcss
1050 160 1091 225 81

76 347 98 390 a
121 322 160 400 Q.
177 322 289 390 Mucio
312 326 466 409 pontifice
490 323 629 388 maxime
650 327 838 407 conceptum
859 325 984 408 dicitur,
1007 324 1093 409 quod

77 415 112 478 in
135 413 326 497 adrogando
349 415 517 479 iuraretur.

169 506 206 568 cf.
230 505 338 585 Gall,
363 510 425 569 102
450 501 468 568 ἶ
484 553 513 567 ..
540 505 714 582 inpuberem
739 508 813 581 aput
835 507 981 582 populum
1004 507 1093 585 adop-

76 595 139 655 tari
166 595 327 672 aliquando
353 597 541 674 prohibitum
564 599 624 672 est,
652 595 812 671 aliquando
835 596 1014 670 permissum
1038 601 1092 657 est.

77 702 159 744 nunc
177 702 214 744 ex
233 684 364 761 epistula
380 685 486 763 optimi
499 683 689 760 imperatoris
703 684 849 743 Antonini
864 705 954 761 quam
974 685 1094 762 scripsit

77 772 282 850 pontificibus,
305 774 331 832 si
354 775 436 834 iusta
458 792 551 833 causa
569 772 738 848 adoptionis
758 791 822 832 esse
841 773 1002 854 videbitur,
1026 793 1094 834 oum

78 861 262 940 quibusdam
286 863 507 924 condicionibus
530 861 710 938 permissum
732 855 797 920 est'

170 946 201 1009 2.
225 943 305 1010 Gell.
321 947 352 1032 3,
360 947 390 1024 2,
403 947 452 1029 12,
464 947 515 1013 13.
532 981 570 994 -
587 943 668 1028 <Q.>
681 943 826 1010 Mucium
839 945 1092 1012 iureconsultum

77 1033 186 1098 dicere
206 1034 336 1098 solitum
354 1035 425 1120 lege
443 1056 510 1100 non
527 1035 592 1098 isse
611 1038 799 1117 usurpatam
815 1035 992 1118 mulierem,
1011 1058 1092 1120 quae

77 1144 154 1188 cum
176 1121 331 1188 Kalendis
353 1123 513 1188 Ianuariis
540 1122 626 1207 apud
649 1123 753 1186 virum
775 1123 973 1189 matrimonii
996 1146 1093 1190 causa

79 1232 153 1276 esse
173 1211 340 1295 coepisset,
364 1215 439 1276 ante
463 1212 547 1276 diem
572 1215 722 1295 quartum
741 1209 906 1276 Kalendas
925 1211 1093 1278 Ianuarias
1165 1230 1167 1234 “

79 1303 252 1385 sequentes
285 1306 478 1384 usurpatum
508 1301 600 1386 isset3
632 1321 699 1364 non
728 1300 813 1363 enim
840 1321 936 1384 posse
968 1302 1095 1386 impleri

80 1387 284 1474 trinoctium,
316 1389 401 1472 quod
435 1389 547 1455 abesse
581 1411 601 1453 a
629 1389 699 1454 viro
726 1389 903 1473 usurpandi
931 1411 1028 1455 causa
1055 1412 1094 1456 ex

79 1476 249 1542 duodecim
289 1478 411 1543 tabulis
453 1477 598 1563 deberet,
641 1477 792 1562 quoniam
832 1478 949 1543 tertiae
989 1480 1094 1545 noctis

78 1566 277 1651 posteriores
297 1588 353 1630 sex
371 1565 471 1631 horae
491 1567 624 1631 alterius
641 1566 718 1630 anni
733 1570 849 1650 essent,
867 1568 922 1650 qui
937 1568 1095 1652 inciperet
1145 1568 1148 1573 ’

81 1677 121 1719 ex
143 1653 309 1719 Kalendis.

170 1749 208 1808 cf.
223 1747 287 1808 Gai.
301 1749 325 1826 I,
342 1752 414 1808 111.
452 1743 529 1810 ‘Usu
545 1749 577 1807 in
595 1767 686 1807 manu
705 1747 901 1808 conveniebat
919 1769 995 1825 quae
1015 1770 1091 1812 anno

79 1838 224 1898 continuo
260 1839 357 1912 nupta
388 1839 614 1914 perseverabat3
652 1837 723 1912 quia
755 1837 833 1895 enim
865 1838 963 1897 veluti
995 1859 1095 1900 annua

78 1926 271 2003 possessione
311 1927 558 2005 usucapiebatur,
598 1927 630 1984 in
669 1924 815 1983 familiam
851 1925 909 1984 viri
945 1928 1095 1986 transibat

78 2016 222 2091 filiaeque
254 2015 353 2075 locum
387 2015 548 2091 optinebat.
599 2015 700 2092 itaque
732 2013 800 2089 lege
830 2012 890 2073 XII
920 2015 1095 2074 tabularum

78 2107 204 2165 cautum
232 2106 292 2181 est,
319 2106 355 2163 ut
383 2104 408 2162 si
432 2123 491 2181 qua
513 2104 608 2164 nollet
630 2122 665 2162 eo
688 2103 776 2161 modo
794 2100 826 2159 in
848 2121 970 2162 manum
993 2104 1095 2163 mariti

79 2192 255 2269 convenire,
283 2211 319 2251 ea
346 2193 506 2269 quotannis
528 2193 669 2252 trinoctio
692 2191 811 2250 abesset
834 2193 925 2269 atque
947 2210 983 2252 eo
1006 2190 1094 2252 modo

78 2276 215 2360 <usum>
238 2281 381 2356 cuiusque
404 2282 474 2340 enni
496 2281 737 2356 interrumperet.

170 2367 202 2430 3.
226 2362 338 2430 Oioero
354 2370 419 2448 top.
435 2365 464 2429 6.
478 2367 531 2431 29.
552 2400 591 2413 —
612 2364 757 2429 Gentiles
777 2368 853 2428 sunt
870 2364 955 2429 inter
975 2385 1018 2450 se,
1038 2363 1093 2449 qui

79 2454 196 2519 eodem
219 2453 348 2517 nomine
373 2458 448 2517 sunt
471 2504 527 2519 ...
551 2454 606 2539 qui
630 2453 671 2518 ab
694 2453 844 2535 ingenuis
868 2453 997 2518 oriundi
1019 2457 1094 2518 sunt

154 2563 292 2627 quorum
317 2542 475 2606 maiorum
499 2564 592 2607 nemo
613 2542 801 2607 seruitutem
821 2542 950 2606 servivit
1039 2542 1095 2626 qui

79 2631 190 2716 eapite
215 2652 281 2695 non
305 2634 381 2694 sunt
399 2630 554 2695 deminuti
643 2630 725 2695 nihil
744 2634 829 2694 enim
848 2629 940 2695 video
960 2629 1095 2697 Scaevo-

80 2721 146 2785 lam
172 2718 361 2804 pontificem
386 2718 426 2782 ed
449 2719 533 2784 hano
557 2719 778 2784 definitionem
802 2717 988 2785 addidisse¹.

461 2919 568 2980 Liber
595 2920 646 2980 IV.
669 2918 718 2977 V?

404 3035 550 3094 Familiae
575 3036 777 3094 erciscundae?

171 3149 238 3209 Hoc
269 3150 346 3209 libro
374 3150 507 3208 Mucium
538 3155 569 3210 et
602 3150 637 3208 de
669 3150 830 3224 partitione
863 3148 965 3223 legata
996 3151 1027 3206 et
1058 3148 1094 3208 de

81 3239 191 3299 mortis
224 3257 316 3298 causa
347 3238 558 3298 donationibus
588 3243 619 3297 et
646 3238 681 3295 de
710 3239 801 3297 sacris
830 3237 983 3312 scripsisse
1011 3238 1095 3312 puto.

158 3399 170 3443 1
201 3389 291 3444 Verba
311 3391 384 3445 iuter
401 3391 569 3458 definitionis
583 3389 739 3458 particulos
757 3407 775 3443 o
795 3388 920 3443 Oiccronc
938 3389 1093 3444 interiectas

82 3461 166 3530 (‘non
184 3462 228 3515 est
247 3461 343 3527 satis’3
364 3460 411 3515 ‘ne
429 3461 459 3515 id
478 3461 590 3530 quidem
610 3459 679 3513 satis
694 3460 762 3528 est'3
784 3459 880 3514 ‘abest
895 3458 981 3513 etiam
993 3459 1076 3513 nnnc‘
1095 3481 1109 3523 χ

85 3533 153 3587 ‘hoo
171 3532 290 3588 fumasse
309 3531 377 3586 satis
395 3532 462 3601 est')
479 3548 567 3603 supro
584 3532 672 3588 corici.

129 3630 224 3675 Inrlspr,
240 3629 356 3670 autema
370 3632 422 3672 rell.
437 3632 471 3674 ed.
488 3635 593 3678 Bremer.
891 3631 909 3681 io
