2422 3840
384 187 407 235 1.
430 181 461 237 P.
475 178 641 236 ALFENUS
660 179 780 236 vanus
1021 180 1087 246 315

77 345 200 410 domini
224 348 341 427 essent,
364 365 532 408 accessura
555 343 644 407 dixit.
684 343 782 407 etiarn
807 364 852 427 ea,
876 366 958 428 quae
978 367 1088 411 servus

76 434 132 516 qui
159 433 291 497 fundum
316 433 462 505 coluerat
489 432 618 496 emisset
640 432 829 534 peculiaria,
858 433 995 516 emptori
1023 455 1089 498 ces·

76 545 150 588 sura
173 521 346 604 respondit.

421 605 465 660 De
483 606 598 660 aedibus
616 606 721 661 oeadit'
698 611 742 661 tm
894 661 898 670 ,

167 699 218 764 75
240 697 278 762 Ι).
292 698 342 780 18,
354 699 381 780 1,
390 698 443 779 40,
454 698 484 762 6.
505 696 626 761 Ρ66166
640 697 723 761 11616
739 701 854 782 quarto
869 698 937 782 epit
939 720 1085 763 omarum

76 787 186 851 Alfeni
206 787 415 871 Digestorum
436 782 485 873 (Ρ.
501 786 542 850 62
543 786 611 888 ,66
652 785 740 850 Rota
758 808 894 871 quoque,
913 808 971 871 per
988 809 1085 871 qnam

77 898 161 960 aqua
178 876 322 958 traheret
308 880 370 960 t,ur
388 875 490 940 nihilo
509 876 616 940 minus
636 875 773 938 aedificii
792 879 842 940 est
860 897 957 960 quam
978 875 1087 940 situla.

167 966 217 1029 76.
250 970 286 1027 Ι).
308 965 361 1046 18,
381 965 415 1044 6,
436 964 486 1028 12
531 963 666 1028 Alfenus
697 962 804 1028 Varus
834 965 917 1030 libro
948 964 1088 1031 secundo

75 1052 285 1138 Digestorum
304 1049 352 1137 (P.
368 1049 435 1155 12).
477 1050 512 1117 Si
530 1051 642 1117 vendit
627 1056 662 1117 ta
679 1051 787 1116 insula
805 1054 976 1118 combusta
994 1058 1089 1135 66666,

76 1165 150 1206 cum
173 1142 356 1206 incendium
380 1143 449 1206 sine
474 1141 570 1226 66166
592 1139 663 1205 11611
685 1163 752 1205 666
773 1141 888 1227 666616,
911 1142 1018 1225 quid
1009 1103 1089 1206 ruris,

77 1231 141 1295 6161
186 1230 368 1315 respondit,
381 1232 471 1333 ,quia
504 1230 572 1294 sine
597 1229 700 1314 patris
727 1229 868 1294 familias
896 1229 991 1314 culpa
1018 1230 1089 1294 fieri

75 1316 184 1471 666666
210 1341 327 1405 neque,
362 1319 390 1382 si
418 1338 584 1384 servornm
611 1319 818 1404 neglegentia
844 1318 965 1384 factum
994 1324 1087 1421 esset,

75 1412 153 1471 cont
154 1409 230 1472 inuo
268 1370 417 1472 doininus
455 1408 489 1471 in
521 1407 615 1491 culpa
647 1405 720 1489 erit,
758 1428 854 1509 quarn
887 1405 928 1472 ob
960 1428 1028 1472 rem
1061 1409 1088 1472 si

75 1497 186 1561 vendit
172 1501 224 1561 tor
252 1519 322 1560 eam
347 1495 497 1581 diligent
487 1517 553 1559 ram
575 1494 807 1577 adhibuisset'
798 1518 832 1560 m
854 1495 961 1561 insula
983 1501 1090 1561 custo-

76 1585 200 1667 dienda,
224 1607 322 1669 quam
346 1583 463 1649 debent
481 1584 629 1648 homines
648 1583 735 1668 frugi
755 1589 787 1648 66
806 1584 977 1671 diligentes
996 1607 1088 1669 prae·

77 1678 176 1758 stare,
200 1675 228 1738 si
251 1674 326 1758 quid
350 1673 534 1756 accidisset,
557 1671 640 1736 nihil
664 1671 705 1736 ad
728 1694 800 1737 eum
822 1673 1005 1758 pertinebit.

368 1839 412 1892 De
429 1851 505 1894 aereo
519 1837 659 1907 peculiari
676 1839 794 1894 vendito.

167 1940 217 2002 77.
246 1936 285 2003 D.
304 1938 360 2021 44,
382 1943 415 2016 1,
435 1938 487 2002 14.
528 1936 665 2002 Alfenus
692 1937 799 2002 Varus
832 1936 916 2003 libro
936 1937 1087 2005 secundo

76 2027 286 2110 Digestorum
301 2024 350 2112 (P.
367 2023 433 2114 14).
464 2025 568 2091 Filius
587 2026 727 2090 familias
743 2026 938 2112 peculiarem
957 2048 1086 2092 servum

76 2115 229 2200 vendidit,
252 2116 392 2198 pretium
415 2115 589 2199 stipulatus
607 2117 669 2200 est,
692 2117 720 2179 is
739 2115 836 2180 homo
855 2115 1035 2180 redhibitus
1055 2121 1088 2180 66

76 2208 191 2286 666666
218 2208 365 2268 16616666
395 2208 452 2269 666.
503 2204 563 2286 [66]
592 2207 690 2287 pater·
716 2204 810 2285 [eius]
844 2205 1014 2288 pecuniam
1044 2204 1085 2269 ab

76 2295 221 2375 emptore
244 2294 388 2376 petebat,
414 2314 511 2377 quam
535 2292 621 2357 filius
645 2293 818 2376 stipulatus
843 2295 920 2359 erat.
965 2293 1088 2375 placuit

77 2403 214 2464 aequum
251 2401 320 2446 esse
356 2382 391 2446 in
426 2382 548 2447 factum
585 2382 806 2465 exceptionem
843 2402 915 2445 eum
948 2380 1086 2448 obicere:

76 2470 173 2553 ‘quod
196 2471 332 2554 pecunia
355 2472 397 2536 ob
419 2470 583 2535 hominem
606 2469 698 2534 illum
722 2471 922 2554 expromissa
944 2474 1010 2554 est,
1033 2470 1088 2555 qui

75 2559 256 2623 redhibitus
280 2557 352 2624 est'.

423 2646 467 2700 De
486 2645 597 2700 boribus
614 2644 741 2699 uenditis.

167 2736 217 2800 18.
246 2735 285 2799 D.
305 2736 339 2819 9,
357 2737 392 2821 2,
411 2735 468 2818 62,
487 2735 517 2799 3.
557 2734 694 2798 Alfenus
722 2734 806 2799 libro
831 2735 968 2799 secundo
992 2733 1087 2819 Dige-

77 2828 200 2888 storum
225 2822 274 2910 (P.
290 2825 320 2908 7,
334 2824 378 2909 3).
425 2822 562 2899 Quidam
586 2824 684 2887 bores
708 2822 852 2888 vendidit
875 2845 912 2887 ea
934 2824 1015 2907 lege,
1038 2823 1087 2887 uti

76 2912 168 2976 daret
191 2912 414 2997 experiundos,
435 2915 551 2994 postea
573 2911 662 2976 dedit
679 2911 905 2995 experiundos3
929 2911 1086 2994 emptoris
1104 2979 1107 2985 ι

77 3022 188 3065 servus
216 3003 251 3065 in
278 2998 473 3085 experiundo
497 3019 666 3084 percussus
690 3001 730 3064 ab
755 2999 857 3065 altero
881 2999 963 3064 bove
987 3016 1087 3064 cornu

77 3094 135 3153 est.
195 3091 422 3174 quaerebatur,
461 3110 539 3152 num
576 3088 724 3153 venditor
760 3088 896 3172 emptori
934 3087 1085 3151 damnum

77 3181 244 3260 praestare
266 3178 405 3242 deberet
451 3177 613 3262 respondi,
636 3177 665 3240 si
688 3180 777 3260 empt
778 3198 815 3242 or
763 3177 936 3241 tboves
960 3178 1086 3260 emptos

76 3266 223 3351 haberet,
254 3289 321 3331 non
353 3266 470 3331 debere
501 3269 681 3350 praestare,
713 3265 769 3330 sed
800 3264 829 3329 si
860 3285 925 3329 non
952 3263 1087 3329 haberet

78 3360 218 3438 emptos,
250 3361 334 3438 tum,
366 3355 395 3419 si
427 3354 522 3440 culpa
554 3353 696 3419 hominis
722 3352 790 3418 fact
776 3357 846 3418 turn
873 3355 971 3438 esset,
1003 3355 1087 3417 uta

77 3443 160 3507 bove
186 3444 295 3509 feriret
281 3450 347 3527 tur,
376 3465 442 3508 non
471 3443 586 3509 debere
614 3439 787 3528 praestari,
821 3442 849 3508 si
876 3441 924 3506 vit
925 3441 955 3505 16
910 3440 1088 3520 thovis,

78 3532 201 3597 debere.
