2422 3840
299 160 324 211 8.
351 154 503 212 SERVIUS
523 154 706 211 SULPICIUS
725 153 842 210 RUFUS
1013 153 1076 218 199

69 320 186 385 finibus
216 319 430 398 evinceretur,
462 340 520 402 pro
548 318 694 382 bonitate
723 317 790 381 eius
819 319 956 401 emptori
984 341 1078 402 prae-

69 409 220 473 standum
249 407 308 490 ait,
336 408 486 492 quamvis
513 406 546 470 id
574 405 659 490 quod
686 406 921 490 relinqueretur
948 411 1076 471 centum

69 498 180 582 iugera
201 496 343 562 haberet

155 600 268 659 Utrum
292 598 389 660 Servii
411 618 449 658 an
471 597 574 658 Alfeni
595 616 771 674 responsum
794 598 846 676 sit,
868 599 1025 658 nescimus.

157 701 233 766 101.
260 700 300 765 D.
325 700 380 783 18,
400 702 434 782 1,
454 701 508 784 18,
524 702 552 765 1.
597 698 795 784 Pomponius
819 700 903 764 libro
926 722 1012 766 nono
1037 701 1076 765 ad

71 787 227 855 Sabinum
247 787 295 872 (P.
309 789 399 874 545).
441 786 474 853 Si
496 811 606 853 servus
627 788 661 851 in
681 787 936 852 demonstrandis
957 788 1077 854 domini

70 879 158 944 iussu
190 876 329 942 finibus1
361 877 430 962 agri
463 877 584 942 venditi
611 878 662 941 vel
689 899 795 940 errore
823 877 875 942 vel
903 877 976 942 dolo
1004 879 1076 962 plus

71 967 348 1050 demonstraverit,
369 967 403 1030 id
428 965 563 1049 [tamen]
587 966 842 1030 demonstratum
860 965 963 1049 accipi
983 989 1077 1050 opor-

69 1059 127 1140 tet,
157 1055 243 1140 quod
272 1055 420 1120 dominus
448 1056 598 1118 senserit:
626 1061 658 1118 et
681 1055 764 1118 idem
788 1054 924 1118 Alfenus
949 1055 1078 1138 scripsit

70 1144 107 1208 de
121 1166 224 1209 vacua
238 1144 443 1228 possessione
457 1165 516 1228 per
530 1166 658 1208 servum
669 1143 812 1222 (domini
826 1144 939 1229 iussu>
948 1144 1077 1209 tradita.

140 1265 154 1310 1
181 1255 246 1312 Fr:
265 1255 372 1311 domini
388 1253 466 1310 iussn
483 1256 513 1310 in
532 1253 757 1310 demonstrandis
775 1255 885 1311 finibus.

159 1367 233 1431 102.
260 1365 299 1432 D.
314 1366 343 1448 8,
358 1366 388 1446 3,
407 1365 458 1431 30.
495 1365 584 1428 Idem
603 1361 751 1450 (Paulus)
774 1366 856 1430 libro
877 1368 991 1450 quarto
1012 1367 1077 1450 epi·

70 1460 230 1519 tomarum
250 1453 362 1518 Alfeni
383 1455 590 1539 Digestorum
610 1450 660 1540 (P.
678 1451 744 1536 61).
782 1452 844 1530 Qui
864 1455 926 1518 duo
945 1456 1078 1538 praedia

69 1543 224 1626 habebat,
251 1543 287 1607 in
313 1543 408 1607 unius
435 1543 620 1607 venditione
648 1564 778 1627 aquam,
807 1566 888 1628 quae
915 1543 950 1607 in
975 1545 1076 1609 fundo

69 1632 271 1715 nascebatur,
294 1636 326 1696 et
350 1633 528 1711 circaeam
553 1653 670 1716 aquam
693 1633 758 1695 late
783 1631 890 1697 decem
909 1633 1006 1714 pedes
1025 1655 1077 1698 ex·

41 1718 45 1763 Γ
68 1725 207 1805 ceperat
242 1720 424 1805 quaesitum
447 1725 505 1802 est,
528 1724 637 1783 utrum
661 1719 837 1784 dominium
862 1723 924 1785 loci
943 1721 984 1785 ad
1003 1745 1077 1787 enm

67 1810 232 1894 pertineat
260 1832 301 1874 an
328 1814 365 1872 ut
391 1831 449 1891 per
476 1830 547 1872 eum
571 1809 679 1874 locum
703 1808 850 1873 accedere
873 1811 985 1893 possit.
1031 1833 1076 1875 re-

68 1897 208 1983 spondis,
228 1899 257 1962 si
274 1897 322 1962 ita
341 1897 528 1980 recepisset:
553 1896 738 1962 ‘circaeam
758 1919 875 1981 aquam
893 1898 959 1961 late
978 1898 1076 1981 pedes

67 1985 198 2066 decem',
221 1986 284 2051 iter
306 1986 474 2050 dumtaxat
496 1986 596 2051 videri
619 1986 798 2050 venditoris
823 2007 902 2050 esse.

158 2074 231 2139 103.
259 2074 298 2139 D.
317 2074 436 2159 50,16‚
455 2074 530 2140 205.
570 2073 658 2137 Idem
681 2071 830 2160 (Paulus)
852 2074 936 2137 libro
961 2079 1074 2158 quarto

66 2164 282 2248 epitomarum
314 2163 422 2228 Alfeni
455 2163 503 2246 (P.
533 2160 599 2249 62).
656 2161 719 2239 Qui
754 2162 888 2227 fundum
921 2162 1076 2246 vendidit,

66 2250 227 2336 ‘pomum’
241 2252 376 2335 recepit:
394 2274 493 2317 nuces
512 2256 544 2315 et
562 2252 638 2316 ficos
658 2257 691 2315 et-
710 2274 787 2316 uvas
803 2251 970 2315 dumtaxat
985 2251 1077 2315 dura-

65 2342 156 2406 cinas
185 2345 219 2405 et
239 2362 417 2424 purpureas
441 2347 474 2404 et
497 2362 577 2425 quae
602 2340 670 2404 eius
694 2340 822 2424 generis
846 2344 966 2422 essent,
994 2363 1074 2425 quas

65 2451 131 2495 non
165 2429 235 2494 vini
267 2451 364 2494 causa
395 2429 602 2511 haberemus,
635 2451 715 2513 quas
747 2427 861 2494 Graeci
893 2427 1078 2513 τρωξίμους

65 2519 284 2603 appellarent,
307 2522 437 2601 recepta
460 2517 569 2581 videri.

160 2607 233 2672 104.
264 2607 303 2672 D.
324 2607 420 2691 19‚1,
441 2607 490 2688 13,
508 2606 560 2671 30.
605 2603 766 2690 Ulpianus
794 2607 878 2671 libro
906 2607 1075 2691 trigesimo

66 2695 209 2760 secundo
234 2695 274 2759 ad
298 2695 437 2759 edictum
462 2695 512 2781 (P.
532 2693 620 2778 935).
671 2693 705 2758 Si
729 2695 877 2759 venditor
899 2695 1075 2760 habitatio-

65 2805 141 2848 nem
167 2784 334 2867 exceperit,
357 2787 394 2847 ut
417 2783 576 2867 inquilino
595 2783 692 2847 liceat
709 2783 867 2865 habitare,
890 2785 941 2848 vel
961 2786 1074 2849 colono

65 2877 104 2937 ut
121 2872 245 2958 perfrui
263 2873 361 2938 liceat
380 2873 420 2936 ad
439 2876 561 2937 certum
580 2875 717 2954 tempus,
737 2872 841 2955 magis
860 2892 931 2936 esse
946 2870 1075 2937 Servius

65 2961 207 3047 putabat
230 2983 267 3025 ex
289 2961 421 3026 vendito
445 2982 515 3024 esse
539 2960 709 3025 actionem.

159 3049 246 3115 105?
273 3049 313 3116 D.
329 3050 380 3134 19,
400 3051 428 3133 1,
447 3050 498 3114 36.
541 3048 678 3112 Alfenus
699 3045 805 3112 Varus
829 3047 913 3112 libro
938 3049 1076 3112 secundo

65 3137 279 3223 Digestorum
304 3138 354 3225 (P.
375 3138 438 3222 13).
485 3136 519 3202 Si
549 3138 633 3222 quis,
660 3159 731 3200 oum
760 3136 894 3214 fundum
918 3136 1077 3214 venderet,

66 3225 155 3292 dolia
174 3231 312 3309 centum,
331 3249 412 3312 quae
431 3228 464 3291 in
484 3227 584 3291 fundo
600 3247 670 3289 esse
685 3224 890 3307 adfirmabat,
910 3245 1077 3289 accessura

67 3315 216 3398 dixisset,
247 3317 394 3399 quamvis
427 3316 473 3380 ibi
500 3315 625 3379 nullum
659 3314 781 3378 dolium
809 3312 936 3396 fuisset,
967 3317 1078 3378 tamen

66 3404 156 3469 dolia
179 3405 317 3488 emptori
341 3404 549 3488 (praestare)
573 3402 711 3467 debebit.

158 3516 260 3575 Alfeni
288 3517 384 3577 oratio
412 3535 431 3576 a
456 3515 640 3576 Triboniana
668 3516 786 3575 mutata
812 3516 861 3574 est
886 3504 952 3595 (st
975 3506 1087 3592 auid(
