2422 3840
370 186 393 234 5.
420 179 449 235 0.
464 179 669 235 TREBATIUS
689 179 803 235 TESTA
1025 179 1089 244 421

81 368 149 412 non
173 346 270 409 etiam
291 343 329 407 de
347 365 433 408 nova
451 343 598 407 facienda
615 342 677 407 hoo
695 342 865 407 interdicto
884 344 1092 427 comprehen-

80 437 189 517 datur,
216 437 326 498 tamen
354 454 455 517 aeque
483 431 737 496 interdicendum
760 430 868 495 Labeo
898 432 957 515 ait,
982 453 1023 496 ne
1046 432 1092 497 fa-

79 523 179 589 cienti
202 523 344 587 cloacam
369 522 418 585 vis
440 522 513 601 fiat,
539 521 614 604 quia
637 521 749 585 eadem
771 519 897 584 utilitas
921 520 978 584 sit:
1001 543 1092 604 prae·

78 618 184 678 torem
213 611 298 676 enim
328 611 374 674 sic
401 609 604 674 interdixisse
632 609 684 672 ‘ne
711 609 761 673 vis
788 608 892 692 fieret,
920 609 1091 693 quominus

79 703 222 767 cloacam
255 701 289 763 in
320 698 450 783 publico
482 697 589 762 facere
626 697 764 776 liceret',
800 696 896 782 idque
929 697 1027 763 Ofilio
1060 703 1093 763 et

79 789 233 855 Trebatio
256 788 427 873 placuisse.

169 901 271 961 Cicero
294 920 348 976 pro
373 897 456 958 (laec.
477 901 528 973 26,
547 899 602 958 34:
637 891 773 974 ‘praetor
799 897 835 957 de
864 899 971 959 cloacis
995 947 1023 959 ..
1046 899 1092 958 in·

77 984 220 1051 terdicit’.

429 1077 475 1136 De
497 1078 617 1149 flumine
640 1077 744 1136 Tiberi.

168 1191 197 1253 2.
230 1188 269 1252 Ι).
288 1188 340 1271 39,
359 1188 389 1270 2,
408 1186 438 1269 9,
459 1188 487 1253 l.
519 1184 681 1270 Ulpianus
699 1186 782 1251 libro
802 1187 1090 1271 quinquagensimo

77 1278 177 1342 tertio
210 1277 250 1341 ed
283 1276 421 1340 edictum
454 1274 501 1358 (P.
523 1273 650 1362 lumb).
699 1274 748 1339 De
779 1276 831 1339 his
864 1325 911 1357 ..,
944 1297 1025 1360 quae
1056 1277 1092 1341 vi

79 1366 220 1430 fluminis
252 1366 430 1449 importata
462 1365 543 1447 sint,
575 1386 616 1427 an
644 1363 853 1429 interdictum
881 1364 950 1428 dari
977 1367 1090 1448 possit,

80 1457 255 1540 quaeritur.
305 1453 476 1518 Trebatius
508 1452 609 1517 refert
640 1475 712 1518 oum
740 1453 864 1517 Tiberis
895 1453 1091 1518 abundasset

79 1548 112 1607 et
139 1566 191 1608 res
220 1543 338 1607 multas
362 1543 538 1606 multorum
560 1542 595 1605 in
619 1542 724 1606 aliena
747 1541 892 1607 aedificia
916 1543 1091 1627 detulisset,

78 1633 285 1697 interdictum
314 1654 333 1696 a
359 1636 506 1715 praetore
535 1630 661 1715 datum,
687 1652 727 1694 ne
755 1629 804 1694 vis
830 1631 921 1695 fieret
944 1631 1091 1714 dominis,

79 1722 252 1806 quominus
282 1743 340 1785 sua
362 1722 515 1784 tollerent
539 1719 714 1802 auferrent,
742 1720 769 1784 si
793 1721 888 1784 modo
912 1720 1021 1785 damni
1044 1721 1090 1784 in·

79 1811 156 1875 fecti
179 1810 452 1895 repromitterent.
529 1839 536 1851 ·

168 1921 283 1980 Tiberis
306 1921 471 1994 inundatio,
494 1922 618 1996 propter
641 1939 732 1996 quam
753 1923 875 1997 praetor
897 1921 1091 1982 interdictum

78 2010 178 2086 dabat,
202 2030 228 2072 a.
249 2004 377 2089 700s54
399 2009 520 2069 uidetur
542 2009 644 2081 fuisse,
667 2008 703 2066 de
727 2028 788 2085 qua
810 2010 866 2069 Dio
891 2012 942 2087 39,
960 2013 1010 2070 61.
1053 2011 1089 2071 cf.

77 2098 307 2159 inundationum
336 2097 472 2158 tabulam
499 2097 537 2157 ab
559 2097 596 2157 H.
615 2097 743 2156 Nisseno
770 2091 847 2178 (ital.
871 2099 1089 2159 Landoskunde

77 2187 101 2258 I,
117 2178 196 2266 324)
214 2189 408 2264 propositam.

400 2340 448 2398 De
469 2339 514 2399 bis
536 2340 587 2412 qut
609 2287 766 2398 deieceriot.

167 2444 196 2509 3.
225 2446 263 2510 D.
278 2448 308 2531 9,
323 2449 353 2532 3,
367 2447 397 2514 5.
435 2446 596 2531 Ulpianus
620 2448 705 2513 libro
728 2447 904 2513 vicensimo
927 2450 1025 2514 tertio
1050 2450 1090 2514 ad

79 2533 227 2598 edictum¹
244 2533 291 2619 (P.
306 2533 409 2623 688⁰).
457 2536 491 2602 si
515 2538 587 2622 quis
611 2538 771 2623 gratuitas
794 2537 1012 2603 habitationes
1036 2539 1090 2603 de-

78 2623 162 2686 derit
189 2623 314 2688 libertis
343 2630 376 2690 et
399 2626 571 2691 clientibus
594 2627 645 2690 vel
668 2627 735 2690 suis
758 2626 808 2690 vel
831 2627 954 2710 uxoris,
981 2628 1089 2711 ipsum

78 2734 188 2776 eorum
211 2713 340 2777 nomine
364 2715 467 2779 teneri
491 2715 662 2780 Trebatius
686 2716 740 2781 ait.

429 2897 476 2956 De
499 2899 604 2957 domno
627 2899 750 2970 infecto..

165 3005 196 3067 4.
223 3003 262 3068 D.
282 3004 338 3087 39,
356 3005 393 3088 2,
411 3006 464 3090 24,
484 3006 534 3071 12.
569 3004 660 3070 Idem
684 3003 872 3092 (Ulpianus)
895 3007 978 3071 libro
1002 3011 1088 3073 octo-

77 3094 224 3177 gensimo
242 3093 357 3176 primo
386 3093 425 3157 ad
454 3094 593 3158 edictum
621 3091 669 3180 (P.
691 3091 802 3181 1754).
851 3143 886 3160 ..
913 3095 1089 3178 videamus,

78 3183 205 3266 quando
240 3182 392 3246 damnum
427 3181 497 3246 dari
523 3181 683 3247 videatur:
717 3184 886 3267 stipulatio
915 3185 999 3248 enim
1027 3186 1089 3249 hoc

76 3271 233 3352 continet,
261 3271 346 3356 quod
373 3270 452 3334 vitio
482 3270 607 3334 aedium
635 3271 699 3335 loci
726 3273 834 3356 operis
861 3273 1014 3338 damnum
1042 3275 1089 3339 fit.

77 3362 113 3422 ut
127 3363 207 3442 puta
226 3361 258 3423 in
279 3360 374 3425 domo
392 3381 464 3423 mea
482 3362 616 3442 puteum
636 3359 755 3443 aperio,
774 3382 837 3444 quo
857 3365 968 3446 aperto
988 3384 1088 3427 venae

76 3447 166 3529 putei
190 3449 280 3533 <tui>
303 3449 466 3532 praecisae
492 3454 581 3514 sunt:
605 3470 646 3513 an
670 3450 804 3514 tenear?
847 3451 894 3514 ait
917 3450 1087 3516 Trebatius

77 3557 143 3600 non
171 3539 273 3601 teneri
301 3560 352 3602 me
381 3538 490 3603 damni
516 3537 644 3605 infecti:
669 3560 778 3624 necue
804 3539 901 3602 enim
920 3538 1116 3598 causamn
