2422 3840
274 136 298 186 r.
322 129 354 196 o.
372 127 508 185 nucius
528 129 557 185 Ρ.
571 129 600 186 s.
616 129 645 183 r.
661 130 695 184 u.
711 127 900 184 sclaveni
954 108 957 112 ’
1048 128 1091 192 65

169 296 228 367 Qui
251 300 320 358 ante
338 296 372 367 Q.
391 297 522 357 Mucium
546 297 582 356 de
605 297 669 356 iure
693 297 775 357 civili
798 297 872 357 editi
896 301 967 358 sunt
985 296 1055 357 libri
1073 317 1092 356 a

78 386 171 447 Sexto
195 386 291 463 Aelio,
315 384 436 464 Catone,
458 386 498 446 M.
521 385 612 446 Junio
636 385 739 461 Brute,
763 385 794 445 P.
816 386 924 463 Mucio,
949 406 998 447 eos
1022 406 1090 447 oum

77 475 171 535 Mucii
189 475 275 534 libris
293 493 464 550 comparare
483 493 542 533 non
560 474 639 550 licet,
662 492 731 532 cum
749 492 843 549 paene
862 475 920 534 toti
938 477 1091 551 perierint.

80 563 156 624 Cato
181 562 302 640 quidem
324 563 401 623 libro
425 563 531 640 quinto
555 562 668 622 decimo
693 563 727 621 de
746 563 994 638 stipulationibus
1012 565 1092 634 vide-

78 658 133 712 tur
159 652 327 730 scripsisse,
356 653 449 729 quod,
478 652 503 711 si
525 653 605 711 hunc
628 650 739 710 librum
762 651 794 709 in
815 653 975 727 postremis
998 653 1091 712 fuisse

79 741 271 818 coniciamus,
286 759 354 800 cum
367 741 509 800 Muciana
522 740 717 817 dispositione
731 744 884 816 congruat.
913 740 947 811 Q.
959 741 1092 801 Mucium

79 830 167 889 libris
186 829 248 889 illis
267 849 356 889 usum
374 829 468 888 fuisse
485 848 540 906 pro
559 833 640 888 certo
660 828 731 888 licet
750 833 892 905 statuere,
915 831 1093 907 praesertim

80 937 151 978 cnm
184 918 317 978 omnium
348 917 470 977 illorum
502 918 681 993 scriptorum
710 910 831 977 nomiria
857 918 889 976 in
916 919 1092 995 fragmentis

78 1007 173 1066 Mucii
197 1006 395 1066 inveniantur.

171 1093 204 1164 Q.
227 1095 359 1155 Mucium
386 1095 417 1154 id
439 1095 487 1154 ius
511 1114 570 1172 quo
593 1095 645 1154 illo
669 1099 804 1171 tempore
827 1095 906 1154 cives
929 1097 1093 1156 utebantur

73 1185 245 1260 explicasse
274 1187 505 1244 consentaneum
532 1186 587 1243 est.
632 1183 734 1260 itaque
762 1202 831 1243 eum
860 1177 995 1243 ‘referre'
1021 1186 1091 1262 quid

79 1275 156 1332 iuris
180 1273 233 1346 sit,
260 1292 320 1332 non
344 1291 413 1332 raro
436 1273 564 1350 legimus
588 1267 784 1350 (Pomponius
807 1272 844 1334 D.
864 1275 915 1348 47,
932 1276 982 1347 22,
1004 1276 1089 1350 77,1

79 1366 111 1421 et
140 1359 289 1436 Ulpianus
317 1361 353 1423 D.
379 1363 434 1439 28,
454 1364 487 1436 5,
508 1363 563 1439 35,
583 1363 615 1437 33
645 1363 699 1438 32,
720 1357 841 1440 55pn).
893 1363 1018 1422 accessit
1045 1363 1093 1423 ius

79 1451 309 1510 controversum
346 1450 390 1509 ita
427 1450 562 1528 quidem,
598 1451 635 1508 ut
666 1450 782 1509 Mucius
814 1450 910 1525 patris
943 1455 973 1510 et
1004 1452 1091 1512 Brut'

79 1543 111 1598 et
144 1538 259 1597 Manilii
291 1539 327 1598 de
360 1557 394 1598 eo
428 1540 591 1598 sententias
623 1538 904 1615 disputationesque
936 1540 1092 1616 proferret.

79 1629 142 1686 huc
173 1628 338 1705 pertinent,
370 1647 446 1703 quae
475 1626 590 1687 Gellius
616 1630 665 1703 17,
687 1630 819 1705 7,1-3
848 1632 879 1688 et
906 1629 1092 1690 Modestinus

79 1716 117 1775 D.
142 1717 304 1793 49,15,5
337 1719 468 1776 nunant.
519 1718 608 1775 tertio
640 1717 705 1776 loco
738 1735 793 1776 sua
825 1718 920 1792 ipsius
952 1736 1094 1795 responsa

80 1805 305 1881 sententiasque
334 1804 462 1880 addidit3
495 1804 676 1880 Pomponius
704 1805 783 1863 enim
811 1805 846 1865 D.
872 1807 923 1882 34,
944 1809 972 1885 2,
994 1809 1034 1866 10
1063 1811 1094 1867 et

81 1893 230 1970 Ulpianus
267 1893 303 1952 D.
329 1896 357 1970 7,
377 1895 406 1971 8,
425 1895 454 1967 4,
476 1896 508 1972 1;
542 1895 704 1970 9,1,1,1
745 1892 778 1962 Q.
810 1894 945 1953 Mucium
978 1896 1094 1971 aliquid
1169 1931 1171 1936 ·

79 1981 183 2042 verius
212 1983 243 2042 et
269 1982 425 2041 honestius
454 2001 518 2042 esse
542 1981 651 2041 dixisse
678 1982 727 2041 vel
749 1981 878 2057 primum
901 1983 1016 2059 aliquid
1041 1984 1092 2043 ad-

78 2069 199 2130 misisse
231 2070 279 2128 vel
311 2070 481 2130 distinxisse
513 2071 656 2130 scribunt.
710 2070 801 2128 etiam
834 2070 869 2129 de
904 2074 1093 2131 controverso

77 2159 133 2218 illo
156 2159 223 2218 iure
242 2158 374 2218 Mucium
395 2177 465 2218 suas
484 2160 648 2219 sententias
667 2159 829 2234 protulisse
846 2157 915 2218 inde
934 2160 1005 2218 licet
1024 2179 1092 2220 con·

78 2247 215 2324 cludere,
241 2248 322 2323 quod
348 2247 496 2325 Ulpianus
519 2248 556 2307 D.
581 2251 631 2322 18,
652 2251 679 2326 2,
700 2251 740 2308 13
770 2248 825 2325 ait,
853 2248 993 2334 Mucium
1013 2248 1092 2308 idem

78 2339 172 2412 atque
193 2337 321 2395 Brutum
341 2337 520 2413 existimare,
539 2340 570 2396 et
588 2337 669 2413 quod
681 2337 868 2397 Modestinus
887 2337 989 2413 D.49,
1006 2339 1056 2413 15,
1073 2340 1092 2397 4

81 2425 117 2484 de
138 2426 270 2502 quadam
287 2444 320 2484 re
338 2426 417 2484 inter
435 2425 566 2484 Brutum
585 2431 616 2484 et
635 2425 809 2486 Scaevolam
827 2426 910 2485 varie
928 2429 1094 2486 tractatum

79 2531 147 2573 esse
170 2513 274 2572 tradit.
321 2515 357 2574 cf.
377 2514 512 2592 Krueger
534 2515 554 2573 l.
573 2533 595 2573 o.

172 2601 231 2671 Qui
247 2601 338 2661 Mucii
362 2604 525 2662 sententias
549 2622 585 2662 ex
602 2602 761 2678 Pomponii
778 2603 925 2664 librorum
943 2605 1093 2681 fragmen-

79 2690 121 2750 tis
145 2709 250 2750 eruere
269 2693 375 2769 tentat,
399 2691 586 2751 considerare
604 2691 701 2768 debet,
723 2691 881 2767 Pomponii
899 2692 991 2752 verba
1008 2694 1094 2752 nobis

79 2798 141 2839 non
167 2779 288 2855 integra
315 2780 408 2858 tradi,
434 2779 486 2839 sed
513 2799 531 2839 a
555 2780 736 2840 Triboniano
765 2798 852 2857 saepe
880 2799 943 2840 esse
969 2784 1095 2843 mutata

171 2867 353 2944 Pomponius
371 2870 504 2928 Mucium
527 2869 612 2928 varia
633 2868 749 2928 ratione
772 2869 942 2930 laudavisse
960 2870 1095 2930 videtur:

80 2975 151 3015 nam
190 2960 243 3016 aut
274 2957 366 3016 Mucii
403 2959 582 3017 sententiam
618 2961 738 3017 tantum
773 2961 878 3017 narrat
913 2952 1095 3038 (exemplum

80 3046 208 3120 praebet
231 3045 267 3103 D.
288 3047 338 3121 50,
355 3048 440 3124 7,18
464 3049 504 3124 et,
526 3049 563 3105 ut
585 3047 704 3106 videtur
724 3047 760 3105 D.
781 3048 831 3119 34,
848 3050 877 3122 2,
892 3049 935 3106 34
954 3044 973 3121 ἓ
990 3043 1023 3126 2)
1043 3052 1097 3106 aut

81 3133 176 3192 Mucii
208 3135 301 3193 verba
334 3135 467 3194 oratione
501 3134 624 3211 obliqua
652 3136 745 3194 refert
773 3128 924 3215 (exempla
951 3135 1097 3210 praebent

82 3222 118 3282 D.
136 3223 188 3299 34,
204 3224 233 3300 2,
247 3225 288 3282 34
308 3220 328 3297 ξ
345 3226 376 3299 13
398 3226 426 3299 8,
438 3227 466 3300 2,
478 3226 510 3300 7;
531 3225 600 3300 8,3,
613 3215 669 3304 15)
684 3227 739 3282 aut
752 3223 879 3300 denique
893 3224 986 3282 Mucii
999 3223 1096 3300 ipsius

82 3311 177 3372 verba
200 3311 322 3371 ridetur
344 3313 556 3372 transcribere:
581 3313 716 3388 exempla
735 3315 805 3370 sunt
824 3312 859 3371 D.
876 3315 927 3385 34,
943 3315 971 3388 2,
988 3315 1096 3390 10pr.;

84 3401 136 3548 ἓξ,
153 3402 182 3547 11,
198 3401 253 3548 5410,
275 3401 327 3478 33,
343 3402 370 3477 1,
388 3403 419 3476 '13
444 3403 495 3479 34,
511 3404 539 3478 3,
555 3403 664 3477 34pr.;
689 3404 717 3477 9,
733 3403 761 3477 2,
777 3403 832 3477 39,
855 3403 906 3476 40,
922 3403 950 3477 7,
966 3403 1006 3460 29
1027 3399 1101 3475 §13

128 3535 135 3566 1
179 3534 186 3563 i
251 3536 256 3548 ¹

133 3597 226 3643 Inrispt.
241 3596 357 3638 antenadt.
373 3599 421 3640 rell.
438 3601 473 3644 ed.
489 3603 597 3647 Bremer.
689 3578 690 3581 Ἰ
893 3596 914 3644 l>
1024 3654 1026 3656 .
