2422 3840
75 170 77 174 “
133 154 199 219 306
228 153 301 210 VIII.
316 153 451 210 OCTAVI
465 151 563 210 SAEO.
573 152 671 209 IUltlS
685 152 861 210 CONSULT.
871 153 996 210 snmus
1009 153 1146 209 TERTIA

133 317 268 381 fundum
287 317 430 381 babebat
449 316 621 393 secundum
640 316 725 381 viam
744 316 917 401 publicam.
953 317 1039 381 ultra
1057 318 1146 382 viam

133 405 253 470 flumen
272 409 343 470 erat
361 410 394 470 et
413 427 491 491 ager
509 405 599 472 Lucii
613 405 701 470 Titii.
735 406 832 488 [fluit]
851 406 971 470 flumen
984 407 1145 490 paulatim

22 507 24 510 ’
128 495 242 578 populi
262 493 401 559 Romani
427 515 497 560 cum
517 515 651 579 agrum,
665 494 730 578 ¹qui
752 495 837 563 inter
859 494 946 559 viam
970 499 1003 563 et
1024 494 1146 561 flumen

135 587 234 666 esset,
262 583 406 648 ambedit
433 587 466 656 et
489 583 575 649 viam
598 583 744 668 sustulit,
770 586 884 666 postea
906 604 1016 651 rursus
1040 583 1146 648 minu·

133 673 230 736 tatim
258 672 392 738 recessit
420 676 453 736 et
476 672 636 737 alluvione
658 672 694 735 in
717 673 886 756 antiquum
909 672 1016 737 locum
1039 672 1146 740 rediit.

131 760 300 844 respondit
322 782 394 826 cum
417 761 538 826 flumen
560 781 672 845 agrum
695 765 728 826 et
752 761 836 826 viam
854 760 1017 846 publicam
1037 765 1144 826 sustu·

130 849 233 928 lisset,
257 871 329 915 eum
353 858 467 935 agrum
490 848 559 915 eius
582 849 707 918 factum
728 869 807 934 esse,
831 849 887 934 qui
909 852 1000 914 trans
1022 849 1143 917 flumen

130 937 265 1003 sundran
285 936 463 1020 habuisset,
485 941 600 1023 postea
622 960 695 1003 cum
713 938 871 1021 paulatim
890 941 975 1002 retro
994 938 1144 1026 redisset,

131 1027 289 1091 ademisse
312 1027 355 1109 ei,
377 1027 468 1092 ouius
491 1027 597 1095 factus
621 1029 719 1105 esset,
743 1031 776 1091 et
799 1026 961 1092 addidisse
984 1027 1027 1110 ei,
1051 1028 1142 1095 cuius
1187 1105 1191 1112 ¹

130 1119 223 1183 trans
260 1115 347 1180 viam
383 1119 483 1198 esset,
523 1115 677 1201 quoniam
714 1115 783 1181 eius
819 1115 937 1192 fundus
973 1116 1141 1198 proximus

129 1203 255 1269 flumini
274 1207 368 1289 esset,
391 1203 423 1268 id
443 1206 562 1292 autem,
584 1204 668 1288 quod
686 1204 852 1288 publicum
872 1204 996 1288 fuisset,
1019 1204 1142 1270 nemini

129 1292 249 1359 bomini
267 1294 426 1359 cessisset.
467 1293 532 1359 ium
555 1292 785 1378 impedimento
805 1293 891 1358 viam
910 1314 980 1360 esse
1000 1292 1057 1378 ait,
1077 1316 1141 1378 quo

131 1382 240 1447 minus
260 1402 345 1466 ager,
362 1381 418 1465 qui
435 1384 526 1447 trans
546 1382 631 1446 viam
651 1382 812 1447 alluvione
830 1382 960 1446 relictus
980 1384 1039 1467 est,
1055 1382 1142 1448 Attii

132 1470 237 1554 fieret,
258 1492 335 1535 narn
357 1469 429 1553 ipsa
452 1492 579 1556 quoque
601 1470 655 1535 via
677 1471 769 1537 fundi
793 1474 888 1536 esset.

218 1591 254 1650 cf.
278 1589 374 1649 Servii
392 1609 573 1666 ‚responsum
597 1593 647 1651 72.

217 1709 271 1773 44.
302 1708 341 1774 Ι).
361 1709 417 1793 39,
435 1711 470 1794 2,
488 1709 523 1792 9,
545 1711 576 1774 2.
620 1707 781 1794 Ulpianus
808 1709 891 1774 libro
920 1710 1140 1795 quinquagen-

130 1797 211 1862 simo
235 1797 334 1863 tertio
360 1798 400 1862 ad
423 1798 561 1862 edictum
581 1795 630 1885 (P.
647 1795 773 1884 1272b).
810 1797 945 1862 Alfenus
967 1800 1088 1884 scribit,
1112 1801 1141 1864 si

129 1908 168 1950 ex
190 1886 290 1954 fundo
313 1891 370 1952 tuo
395 1889 504 1952 crusta
526 1887 619 1972 lapsa
643 1887 742 1951 sitin
766 1909 874 1952 meum
897 1887 1031 1951 fundum
1056 1909 1141 1952 eam·

129 1997 191 2059 que
210 1980 312 2059 petas,
336 1976 475 2040 dandum
495 1975 530 2040 in
548 1981 581 2041 te
599 1975 753 2040 iudicium
773 1977 812 2041 de
831 1976 948 2041 damno
967 1977 1032 2040 iam
1052 1976 1139 2043 facto

216 2065 264 2129 ita
292 2065 420 2129 demum
448 2067 558 2129 autem
586 2068 727 2130 crustam
756 2064 912 2130 vindicari
934 2086 1030 2148 posse
1052 2065 1140 2130 idem

123 2150 259 2218 Alfenus
284 2152 343 2235 ait,
370 2154 398 2218 si
420 2175 487 2218 non
511 2153 669 2218 coaluerit
691 2175 751 2218 nec
774 2154 932 2218 unitatem
957 2175 1028 2217 cum
1051 2158 1140 2219 terra

126 2263 198 2306 mea
221 2240 341 2306 fecerit.

214 2329 267 2395 45.
294 2329 334 2393 D.
354 2330 389 2411 6,
410 2331 443 2412 1,
461 2329 496 2411 5,
518 2329 549 2394 3.
584 2329 744 2415 Ulpianus
776 2329 860 2394 libro
893 2333 984 2394 sexto
1013 2330 1139 2397 decimo

127 2417 167 2481 ad
195 2419 335 2483 edictum
365 2414 413 2504 (P.
435 2415 540 2504 5491’).
590 2417 639 2482 De
667 2419 795 2503 arbore,
825 2439 907 2503 quae
934 2418 968 2482 in
997 2419 1138 2484 alienum

127 2525 242 2589 agrum
270 2507 430 2571 translata
456 2507 578 2571 coaluit
600 2510 634 2571 et
655 2507 779 2573 radices
802 2506 950 2590 immisit,
973 2506 1080 2572 Varus
1105 2512 1139 2572 et

119 2591 236 2659 Nerva
262 2595 377 2659 utilem
403 2595 439 2659 in
467 2616 534 2658 rem
558 2596 718 2662 actionem
741 2595 876 2681 dabant,
903 2618 980 2660 nam
1004 2595 1032 2660 si
1054 2619 1138 2662 non-

126 2682 202 2745 dum
226 2684 359 2767 coaluit,
381 2705 453 2748 mea
476 2704 546 2748 esse
569 2706 637 2749 non
659 2683 791 2749 desinet.

483 2867 528 2922 De
545 2883 620 2923 seruo
638 2869 781 2923 communi.

213 2973 266 3039 46.
293 2973 332 3040 D.
353 2975 407 3060 10,
427 2975 462 3053 3,
477 2976 528 3041 26.
574 2976 710 3042 Alfenus
739 2975 845 3043 Varus
877 2977 960 3041 libro
994 2977 1137 3043 secundo

124 3061 332 3149 Digestorum
355 3063 404 3148 (P.
424 3061 468 3150 8).
506 3062 696 3131 Communis
719 3087 830 3131 servus
854 3088 927 3132 oum
950 3065 1035 3150 apud
1054 3066 1137 3130 altc-

124 3174 194 3216 rum
224 3157 322 3237 esset,
354 3174 427 3218 orus
455 3153 554 3239 fregit
580 3155 615 3219 in
643 3176 748 3238 opere.
798 3155 1026 3240 quaerebatur,
1053 3155 1137 3219 alter

123 3241 272 3306 dominus
303 3242 380 3327 quid
412 3264 484 3307 cum
514 3265 565 3325 eo,
597 3265 695 3327 penes
727 3266 820 3327 quem
850 3244 978 3327 fuisset,
1013 3248 1136 3326 ageret.

123 3331 288 3414 respondi,
321 3332 348 3395 si
377 3331 452 3415 quid
481 3332 576 3415 culpa
603 3332 691 3396 illius
719 3333 824 3417 magis
853 3355 950 3418 quam
977 3354 1055 3396 casu
1083 3354 1135 3396 res

123 3419 302 3483 communis
327 3419 435 3484 damni
458 3421 609 3506 cepisset,
636 3443 695 3505 per
718 3421 877 3489 arbitrum
901 3419 1062 3486 communi
1087 3420 1136 3484 di-

120 3506 260 3570 vidundo
279 3529 381 3592 posse
403 3508 584 3594 reciperari.
