2422 3840
320 183 345 234 8.
371 176 523 236 SERVIUS
542 179 727 237 SULPICIUS
746 182 863 239 RUFUS
1031 185 1098 250 235

174 345 211 406 cf.
236 344 300 407 (tei.
320 348 349 423 4,
371 349 421 408 73.
462 342 677 426 <amantem
700 351 867 428 quaeritur,
896 355 1043 428 quantum
1066 355 1098 413 in

76 434 201 510 peculio
221 435 275 512 sit,
298 437 368 496 ante
391 431 572 515 de>ducitur
594 438 673 513 quod
698 440 780 515 patri
803 440 960 501 dominove
984 443 1097 520 quique
1160 440 1161 443 ’

76 523 112 581 in
127 524 195 583 eius
209 527 360 599 potestate
379 525 428 602 sit,
448 544 466 584 a
483 525 546 586 filio
565 544 688 588 servove
708 527 835 588 debetur
853 538 884 588 et
898 529 980 605 quod
994 549 1097 607 super-

78 615 138 672 est.
184 613 242 673 hoc
265 614 363 672 solum
387 614 539 690 peculium
562 633 625 674 osae
648 616 839 693 intelligitur.

77 781 222 853 [XVIII.
251 782 404 838 Dodonae
425 782 491 851 fidei
513 784 705 841 contractibus.
743 790 768 838 1.
790 786 908 856 depositi
929 788 970 842 oei
993 794 1098 843 contro.

77 865 165 918 2-7.
184 861 304 929 fiduciae
322 863 364 918 oet
381 869 488 941 contro,
504 863 632 918 mandati
649 864 691 919 oei
708 871 818 931 eontra,
833 882 887 935 pro
904 870 992 934 socio,
1016 869 1099 937 empti

195 1008 198 1013 ,
285 943 406 1010 venditi,
424 944 508 998 locati
525 943 666 1009 condocti,
684 945 717 999 de
735 946 898 1017 aestimato]

172 1051 203 1116 9.
236 1049 472 1132 D.15,1,17.
513 1051 674 1137 Ulpianus
698 1053 783 1118 libro
808 1054 983 1119 vicensimo
1008 1078 1094 1121 nono

79 1139 122 1204 ad
146 1139 288 1204 edictum
313 1136 361 1226 (P.
380 1137 491 1226 852⁸).
537 1138 571 1205 si
595 1162 706 1206 servus
730 1164 821 1207 meus
845 1144 1025 1209 ordinarius
1049 1146 1098 1209 vi-

79 1228 188 1293 carios
205 1227 338 1313 habeat,
360 1229 393 1292 id
412 1229 496 1313 quod
515 1229 628 1294 vicarii
645 1229 727 1294 mihi
750 1230 867 1296 debent
885 1254 927 1296 an
940 1232 1095 1298 deducam

81 1339 123 1382 ex
144 1317 271 1401 peculio
295 1317 380 1382 servi
403 1318 580 1383 ordinarii?
678 1319 710 1382 id
735 1369 764 1384 ..
788 1321 873 1404 quod
896 1322 975 1405 ipsis
1000 1322 1097 1387 debet

81 1405 268 1471 ordinarius
292 1427 418 1484 servus,
446 1428 511 1470 non
533 1406 707 1473 deducetur
730 1406 769 1472 de
793 1409 916 1491 peculio
941 1411 1097 1476 ordinarii

81 1494 478 1648 stervuij,‘qr·1ia,peculiuirr‡r⁵
502 1517 613 1561 eorum
644 1496 679 1560 in
701 1497 828 1581 peculio
852 1498 954 1583 ipsius
978 1506 1041 1584 est,
1065 1504 1098 1564 et

80 1604 130 1648 ra
179 1605 286 1650 errius
309 1605 427 1666 respon
451 1607 486 1647 1.

171 1693 238 1754 Hoc
261 1713 380 1772 quoque
403 1714 580 1771 responsum
603 1697 801 1772 repetendum
824 1716 889 1758 esse
911 1700 1028 1775 putavi.

341 1847 482 1917 [XXIII.
509 1848 554 1902 De
571 1849 632 1902 iare
645 1849 835 1919 potronatus]

174 1947 225 2012 10.
257 1945 295 2014 D.
319 1948 381 2030 38,
399 1948 433 2026 2,
459 1950 487 2014 1.
533 1946 689 2032 Ulpianus
715 1947 798 2012 libro
823 1948 1095 2035 quadragensimo

79 2035 223 2102 secundo
252 2035 293 2101 ad
322 2036 461 2101 edictum
490 2034 541 2122 (P.
564 2032 674 2122 1149).
814 2034 945 2101 Servius
974 2038 1096 2119 scribit,

79 2128 178 2190 antea
201 2123 290 2190 soliti
312 2124 444 2189 fuerunt
467 2122 526 2211 (sc.
545 2121 690 2209 patroni)
713 2148 733 2189 a
755 2125 882 2190 libertis
905 2125 1095 2191 durissimas

80 2236 135 2279 res
158 2213 286 2298 exigere
377 2214 502 2296 primus
526 2217 657 2297 praetor
679 2213 822 2280 Rutilius
842 2214 949 2291 edixit,
973 2235 1006 2278 se
1027 2237 1096 2278 am-

79 2303 168 2388 plius
190 2324 256 2366 non
280 2301 430 2367 daturum
454 2306 592 2386 patrono
621 2325 719 2387 quam
742 2325 913 2388 operarum
942 2306 974 2367 et
997 2304 1095 2368 socie-

79 2391 161 2456 tatis
186 2390 360 2471 actionem,
383 2390 545 2475 videlicet,
569 2392 597 2456 si
620 2391 682 2457 hoc
705 2393 896 2478 pepigisset,
919 2397 956 2456 ut
978 2392 1043 2456 nisi
1067 2393 1097 2457 ei

79 2479 275 2564 obsequium
297 2483 480 2563 praestaret
503 2479 649 2559 libertus,
674 2481 708 2545 in
732 2482 921 2547 societatem
945 2481 1097 2546 admitte-

80 2573 173 2633 retur
194 2573 364 2654 patronus.

80 2725 220 2798 [XXIV.
247 2724 292 2780 De
310 2726 442 2780 bonorum
457 2726 680 2794 possessionibus.
717 2725 753 2780 Α.
774 2728 801 2782 ei
817 2727 928 2782 tabulae
946 2729 1099 2782 testamenti

78 2807 224 2862 madunt.
253 2810 277 2860 6.
296 2806 329 2860 de
342 2812 433 2861 contre
446 2806 477 2860 ia
487 2806 682 2875 possessionem
695 2808 825 2862 mittendo
839 2813 865 2862 et
878 2812 1003 2862 curatore
1016 2808 1095 2879 eius]

173 2916 225 2980 11.
253 2913 292 2979 D.
308 2915 360 2997 37,
374 2914 405 2998 9,
424 2916 452 2996 1,
466 2915 519 2980 24.
552 2913 715 2997 Ulpianus
739 2915 824 2980 libro
849 2917 1097 3002 quadragesimo

80 3003 188 3088 primo
214 3003 254 3067 ad
277 3003 416 3068 edictum
439 3002 490 3090 (P.
511 3000 620 3090 1135).
662 3001 783 3078 Quodsi
810 3005 954 3069 nondum
978 3007 1021 3069 sit
1044 3028 1095 3070 eu·

81 3095 173 3156 rator
201 3093 410 3173 constitutus,
516 3090 645 3157 Servius
676 3092 783 3156 aiebat
807 3115 859 3158 res
882 3093 1096 3157 hereditarias

80 3180 234 3258 heredem
266 3181 453 3246 institutum
487 3180 537 3244 vel
576 3179 789 3245 substitutum
822 3182 996 3266 obsignare
1030 3203 1096 3246 non

83 3270 210 3355 debere,
232 3269 289 3335 sed
311 3274 439 3335 tantum
463 3290 690 3353 pernumerare
715 3273 748 3333 et
771 3269 898 3334 mulieri
917 3270 1097 3354 adsignare.

174 3359 226 3424 12.
252 3358 333 3424 Ibid.
353 3358 405 3424 25.
445 3357 606 3442 Ulpianus
630 3359 651 3422 l.
671 3380 696 3423 c.
716 3354 766 3444 (P.
786 3355 896 3443 1135).
937 3357 1027 3422 Idem
1051 3359 1098 3424 ait

84 3447 125 3513 ad
167 3447 376 3513 custodienda
417 3469 456 3511 ea
494 3468 575 3530 quae
613 3447 681 3512 sine
718 3447 862 3511 custodia
900 3447 991 3512 salva
1027 3469 1097 3513 esse

82 3558 148 3601 non
174 3539 324 3620 possunt,
353 3535 519 3606 custodem
548 3536 590 3602 ab
615 3535 735 3604 herede
757 3537 970 3626 ponendum,
989 3538 1123 3616 utputa.
