2422 3840
94 154 160 218 242
196 154 243 210 VI.
267 153 400 210 OCTAVI
419 152 517 210 SAEG.
536 153 631 209 IURIS
651 152 825 210 CONSULT.
843 153 968 212 suarna
987 156 1108 211 PRIMA

183 322 266 382 Inter
292 341 436 399 responsa
463 315 570 404 (supra
592 343 620 399 p.
641 314 719 403 207)
743 324 790 385 vel
814 324 995 400 reprehensa
1018 323 1108 384 Scae·

92 410 179 472 volae
203 411 303 487 oapita
325 403 368 494 (p.
390 413 468 491 221)
493 413 671 472 sententiam
688 411 821 489 recipere
840 430 932 476 ausus
950 433 1012 473 non
1031 431 1109 473 sum:

381 589 429 648 De
452 588 484 664 Q.
503 590 599 649 Marii
621 591 811 650 auditoribus.

183 699 212 763 6.
236 697 275 764 D.
296 699 325 782 1,
339 701 369 782 2,
382 700 435 764 42.
466 697 665 782 Pomponius
687 699 772 765 libro
795 699 900 783 primo
923 697 1108 764 Enohiridii

94 786 143 874 (P.
163 784 252 876 178).
297 787 398 853 Mucii
424 787 588 853 auditores
616 788 747 853 fuerunt
775 787 956 873 complures
1070 810 1108 853 ex
1156 853 1160 864 ,

93 876 210 961 quibus
245 876 374 941 Gallum
407 878 565 941 maximae
598 877 802 944 auctoritatis
835 876 919 960 apud
950 878 1108 961 populum

92 963 194 1030 fuisse
222 964 353 1031 Seruius
381 965 467 1030 dioit.
513 987 625 1031 omnes
652 969 762 1031 tamen
788 965 825 1030 hi
852 987 872 1030 a
898 963 1014 1030 Servio
1039 963 1109 1031 Sul·

94 1054 179 1138 pioio
203 1053 422 1121 nominantur.

590 1147 605 1192 a

183 1260 211 1323 r.
243 1224 629 1342 rumunnense
676 1256 767 1322 servi
795 1255 917 1342 sulpici
948 1258 1109 1342 principis

93 1346 155 1410 viri
175 1346 404 1411 commentatio
425 1350 475 1410 est
493 1347 703 1430 quamobrem
722 1369 834 1412 mensa
849 1347 1028 1432 linquenda
1042 1370 1108 1412 non

94 1435 151 1520 sit3
170 1436 313 1500 nondum
333 1435 417 1500 enim
436 1437 543 1518 plures
564 1458 659 1519 quam
675 1437 828 1501 convivae
842 1436 1110 1501 numerabantur.

185 1544 403 1605 Commentatio
426 1545 480 1604 illa
501 1548 629 1606 fortasse
652 1548 684 1605 in
707 1546 837 1622 epistula
860 1547 1008 1608 exstabat.

284 1756 409 1827 Denique
428 1760 479 1813 has
497 1763 578 1814 notas
598 1759 741 1814 addendas
761 1775 822 1814 esse
841 1759 915 1816 duxi.

184 1874 211 1932 1.
243 1873 278 1933 D.
305 1875 355 1951 19,
375 1877 409 1950 2,
435 1877 483 1934 28.
519 1869 634 1934 'Labeo
665 1874 741 1933 libro
770 1877 878 1951 quarto
906 1875 1110 1950 posteriorum

94 1962 325 2047 epitomatorum
353 1982 371 2022 a
393 1963 532 2022 Iauoleno
557 1954 604 2042 (P.
625 1953 712 2044 203).
758 1961 845 2032 Quod
868 1962 894 2022 si
917 1962 999 2022 domi
1022 1965 1110 2025 habi·

93 2051 207 2111 tatione
235 2053 398 2112 conductor
425 2071 519 2127 aeque
547 2070 618 2111 usus
647 2051 767 2127 fuisset,
796 2054 893 2126 partia
920 2053 1014 2112 etiam
1042 2055 1110 2113 eius

93 2142 198 2199 domus
235 2142 415 2217 mercedem,
452 2160 528 2217 quae
560 2140 669 2201 vitium
702 2140 835 2218 fecisset,
872 2141 975 2200 deberi
1007 2146 1109 2217 putat

92 2229 171 2288 idem
200 2230 276 2289 iuris
304 2248 381 2307 asse,
415 2229 440 2287 si
467 2232 648 2304 potestatem
675 2229 859 2288 conducendi
885 2230 1031 2306 habebat,
1060 2232 1109 2291 uti

92 2319 224 2392 pretium
243 2318 447 2377 conductionis
466 2320 642 2393 praestaret.
680 2318 732 2376 sed
750 2320 776 2376 si
794 2318 910 2378 looator
928 2319 1109 2379 oonduotori

93 2410 274 2480 potestatem
303 2406 510 2467 conducendae
534 2406 640 2465 domus
662 2425 722 2464 non
744 2407 864 2466 fecisset
886 2409 917 2464 et
939 2407 965 2466 is
989 2408 1022 2466 in
1046 2428 1110 2486 qua.

93 2495 245 2554 habitaret
264 2496 461 2573 conduxisset,
479 2497 600 2554 tantum
616 2496 644 2553 si
661 2496 875 2570 praestandum
893 2498 991 2574 putat,
1011 2516 1108 2574 quan-

93 2586 159 2640 tum
182 2585 245 2642 sine
269 2584 337 2643 dolo
361 2583 440 2643 malo
460 2584 668 2661 praestitisset.
711 2580 868 2661 [aeterum
892 2584 918 2642 si
936 2586 1108 2662 gratuitam

94 2671 309 2731 habitationem
327 2672 492 2751 habuisset,
509 2692 565 2749 pro
583 2674 719 2748 portione
737 2674 881 2749 temporis
901 2692 936 2731 ex
954 2674 1108 2734 locatione

94 2758 199 2818 <lomus
224 2760 430 2820 deducendum
453 2758 558 2836 essa}

182 2857 317 2936 Krueger
331 2878 358 2933 p.
371 2860 433 2918 163
448 2879 476 2918 n.
489 2860 552 2918 137
572 2858 736 2917 orationem
756 2857 909 2933 obliquam
927 2861 960 2919 et
978 2861 1108 2921 verbum

95 2939 204 3020 ‘putat’
224 2948 351 3006 fortasse
370 2947 409 3005 ad
427 2947 562 3006 Servium
580 2948 726 3022 respicere
745 2946 905 3007 existimat.
942 2949 1109 3026 fragmenti

93 3034 181 3093 finem
205 3036 419 3112 interpolatam
442 3055 506 3095 esse
529 3035 565 3095 A.
584 3035 710 3094 Pernioe
733 3035 817 3095 vidit.

184 3144 212 3202 2.
244 3142 279 3200 D.
305 3146 361 3219 29,
380 3145 409 3217 5,
430 3146 463 3216 1,
487 3145 538 3202 27.
583 3142 731 3217 Ulpianus
754 3142 831 3202 libro
855 3143 1109 3221 quinquagesimo

94 3230 132 3289 ad
155 3231 286 3290 edietum
310 3225 359 3312 (P.
379 3227 491 3311 1238).
532 3278 562 3293 ..
585 3233 616 3290 et
639 3232 682 3290 ait
706 3231 814 3291 Sextus
838 3277 867 3291 ..

184 3327 269 3398 Quod
283 3330 375 3389 Basil.
391 3331 493 3406 35,16
508 3329 632 3388 habent:
652 3322 713 3387 ‘uui
727 3325 802 3408 λέγει
815 3323 964 3409 Σέρβιος’,
981 3337 1109 3405 apertus

94 3437 177 3476 error
195 3421 249 3493 ast,
272 3438 341 3478 oum
360 3422 482 3478 senatus
501 3417 670 3478 consultum
689 3417 884 3496 Silanianum,
907 3419 943 3478 de
962 3437 1022 3496 quo
1041 3420 1107 3496 agi·

94 3508 152 3581 tur,
166 3506 376 3581 imperatoriae
392 3509 511 3567 demum
526 3506 635 3567 aetatis
651 3506 697 3565 sit.
722 3508 758 3566 of.
769 3507 892 3567 Pernioe
906 3507 1007 3568 Labeo
1017 3506 1042 3586 I,
1053 3510 1110 3568 86.
