2422 3840
98 171 162 234 114
198 171 231 227 V.
254 168 402 226 SEPTIMI
416 168 517 224 SAEO.
531 169 627 224 iulus
644 169 819 226 CONSULT.
835 168 961 225 SERIES
976 169 1106 225 TERTIA

347 410 371 468 I.
403 409 471 468 Res
495 427 513 467 a
536 407 640 468 Gallo
663 408 858 469 iudicatae.

184 549 212 612 1.
235 544 578 628 valentianum.
601 581 639 591 —
661 543 695 610 O.
710 544 867 609 Visellius
886 543 992 612 Varro
1017 547 1107 632 gravi

97 635 211 701 morbo
240 640 406 718 correptus
429 637 575 699 trecenta
598 633 688 698 milia
711 656 878 698 nummum
903 635 944 699 ab
969 633 1107 701 Otacilia

95 725 277 805 Laterensi,
309 745 382 787 cum
415 745 479 806 qua
509 723 735 787 commercium
767 720 911 787 libidinis
941 723 1108 805 habuerat,

96 835 239 899 expensa
260 812 340 877 ferri
364 811 427 876 sibi
449 832 565 894 passus
589 815 640 876 est
663 833 700 877 eo
725 810 871 897 oonsilio,
893 815 930 876 ut
954 813 983 877 si
1002 813 1107 879 deces-

96 903 203 986 sisset,
221 902 263 966 ab
281 900 455 965 heredibus
475 921 545 964 eam
565 922 723 965 summam
738 903 878 984 peteret;
897 923 994 984 quam
1008 903 1109 987 legati

96 1013 198 1078 genus
240 1011 317 1055 esse¹
352 988 455 1054 voluit
494 988 702 1053 libidinosam
738 989 969 1054 liberalitatem
1008 990 1108 1056 debiti

94 1080 227 1146 nomine
263 1077 446 1143 colorando.
502 1077 605 1142 evasit
641 1077 753 1141 deinde
785 1077 940 1143 Visellius
977 1100 1018 1143 ex
1052 1080 1108 1144 illa

93 1170 290 1253 tempestate
327 1167 480 1232 adversus
517 1169 594 1230 vota
630 1164 797 1231 Otaciliae.
856 1189 938 1250 quae
974 1169 1107 1252 offensa,

96 1258 181 1344 quod
214 1277 305 1340 spem
333 1255 471 1338 praedae
499 1277 575 1319 suae
603 1259 707 1320 morte
735 1276 802 1319 non
829 1260 1039 1334 maturasset,
1071 1279 1108 1321 ex

96 1347 200 1412 amica
246 1344 435 1428 obsequenti
481 1344 589 1408 subito
634 1344 822 1409 destrictam
861 1343 1107 1410 foeneratricem

96 1455 193 1519 agere
217 1433 324 1517 coepit
346 1453 496 1497 nummos
520 1432 670 1515 petendo,
694 1454 775 1518 quos
797 1437 834 1497 ut
856 1433 964 1498 fronte
987 1434 1108 1500 invere-

95 1523 212 1605 cunda,
245 1522 293 1585 ita
320 1521 410 1585 inani
438 1521 648 1604 stipulatione
677 1525 871 1605 captaverat.
916 1522 954 1586 de
983 1545 1049 1606 qua
1074 1546 1107 1588 re

96 1612 131 1679 Ο.
150 1610 314 1696 Aquillius
408 1609 503 1674 iudex
526 1610 681 1693 addictus,
704 1609 858 1674 adhibitis
881 1611 915 1674 in
937 1613 1106 1676 consilium

94 1699 296 1785 principibus
321 1698 476 1784 civitatis,
502 1699 674 1781 prudentia
697 1703 729 1762 et
752 1700 910 1783 religione
934 1722 992 1764 sua
1016 1702 1107 1765 muli-

95 1812 182 1856 erem
204 1788 334 1871 repulit.

184 1902 228 1960 De
261 1919 293 1959 re
321 1899 444 1958 Persice
472 1899 573 1959 Labeo
601 1900 645 1975 II,
667 1901 728 1958 115
760 1902 791 1959 et
818 1899 851 1958 in
878 1901 1011 1959 secunda
1038 1901 1108 1960 libri

93 1991 225 2051 editione
245 1991 378 2048 extremo
398 2007 475 2048 anno
492 1989 576 2048 1895
593 1987 666 2047 mihi
686 1989 779 2047 allata
796 2009 825 2065 p.
836 1990 949 2064 238sq.
964 1989 1020 2048 ait:
1040 1984 1105 2050 ‘Die

96 2081 191 2157 Klage
214 2097 277 2138 war
300 2078 348 2136 die
371 2096 398 2138 a.
421 2077 458 2135 dc
482 2080 563 2136 certa
585 2078 711 2152 pecunia
735 2077 856 2137 credita.
897 2078 938 2135 Es
962 2078 1004 2138 ist
1027 2078 1105 2139 wohl

95 2169 307 2240 anzunehmen,
332 2165 400 2225 dass
419 2165 563 2224 Visellius
587 2165 635 2224 die
655 2165 873 2242 Einschaltung
895 2166 949 2224 der
972 2167 1104 2245 exceptio

95 2259 157 2318 doli
180 2256 316 2332 erlangte
339 2255 401 2312 und
426 2273 458 2314 so
482 2254 539 2312 den
558 2255 664 2313 Zweck
686 2255 748 2313 und
772 2255 824 2314 das
844 2253 955 2314 Wesen
979 2256 1032 2316 des
1056 2256 1104 2314 ab·

93 2347 325 2424 gesohlossenen
343 2342 609 2417 Rechtsgeschafts
632 2363 685 2401 zur
704 2342 837 2419 Geltung
860 2342 991 2405 brachte.
1030 2345 1104 2403 Dass

94 2432 248 2510 Aquillius
281 2431 357 2489 ohne
391 2429 524 2506 exceptio
557 2431 667 2490 darauf
696 2432 781 2492 hatte
813 2432 958 2510 eingehen
992 2433 1104 2509 durfcn,

93 2521 304 2595 widerspricht
323 2519 414 2577 ollem
432 2538 493 2579 was
512 2519 568 2579 wir
587 2523 670 2580 sonst
683 2521 792 2580 wissen
807 2567 813 2580 .
828 2565 835 2580 .
851 2565 858 2580 .
876 2520 921 2579 Ist
935 2521 1018 2581 diese
1033 2521 1104 2581 Ver·

94 2613 247 2685 muthung
274 2607 397 2686 richtig,
425 2627 458 2667 so
486 2608 584 2668 haben
612 2609 668 2669 wir
690 2611 767 2668 nach
790 2609 842 2668 des
865 2608 1007 2669 Valerius
1031 2611 1104 2670 Dar·

94 2700 228 2773 stellung
252 2697 385 2756 offenbar
407 2697 472 2757 hier
496 2697 552 2756 den
575 2701 675 2758 ersten
693 2698 770 2774 Fall,
791 2718 837 2758 uo
861 2697 910 2757 ein
928 2698 1054 2759 Richter
1074 2717 1103 2758 es

94 2791 207 2865 wagte,
235 2785 317 2844 einer
343 2786 462 2845 formell
490 2787 688 2846 zweifellosen
712 2787 971 2846 Verbindlichkeit
994 2807 1103 2866 gegen·

92 2879 247 2937 uberans
271 2874 328 2933 den
351 2874 561 2952 begleitenden
584 2875 769 2934 Umstandcn
797 2896 834 2934 zu
852 2875 1035 2954 Ungunsten
1054 2878 1103 2936 des

93 2967 221 3042 Kl'u'gcrs
246 2963 384 3022 Schltsse
407 2983 443 3021 zu
467 2959 590 3022 ziehen?

184 3091 213 3147 2.
253 3087 384 3157 Quinctii
420 3106 510 3147 causa
542 3088 616 3147 haec
649 3091 721 3147 erat.
775 3088 809 3148 P.
837 3088 971 3158 Quinctii
1003 3091 1104 3166 frater,

17 3242 21 3247 ,
94 3179 184 3240 Caius
203 3177 371 3251 Quinctius,
395 3196 463 3235 oum
486 3177 516 3236 P.
539 3176 653 3236 Naevio
677 3177 849 3237 societatem
874 3177 996 3238 coierat.
1037 3182 1105 3256 post

94 3268 125 3329 C.
150 3267 284 3338 Quinctii
315 3268 443 3324 mortem
471 3266 551 3324 inter
577 3266 610 3323 P.
634 3265 806 3334 Quinctium
833 3267 936 3326 fratris
963 3267 1104 3328 heredem

94 3361 124 3416 et
152 3355 301 3415 Naevium
327 3354 366 3414 lis
395 3357 461 3414 orta
489 3356 542 3414 est.
588 3354 720 3414 Naevius
749 3374 766 3413 a
793 3358 931 3430 praetore
956 3355 1104 3417 Burrieno

94 3466 119 3505 a.
155 3439 278 3521 671s83
321 3443 492 3502 missionem
533 3443 564 3500 in
601 3442 733 3512 Quinctii
769 3444 847 3503 bona
883 3443 1013 3521 adeptus
1051 3448 1103 3504 est.

88 3553 115 3592 a,
140 3528 261 3609 673s81
289 3550 308 3588 a
327 3535 468 3607 praetore
486 3531 645 3591 Dolabella
667 3533 883 3608 praeiudicium
907 3533 1105 3594 ordinabatur
