<?xml version="1.0" encoding="UTF-8"?>
<!DOCTYPE html PUBLIC "-//W3C//DTD XHTML 1.0 Transitional//EN"
    "http://www.w3.org/TR/xhtml1/DTD/xhtml1-transitional.dtd">
<html xmlns="http://www.w3.org/1999/xhtml" xml:lang="en" lang="en">
 <head>
  <title>
</title>
<meta http-equiv="Content-Type" content="text/html;charset=utf-8" />
  <meta name='ocr-system' content='tesseract 3.04.00' />
  <meta name='ocr-capabilities' content='ocr_page ocr_carea ocr_par ocr_line ocrx_word'/>
</head>
<body>
  <div class='ocr_page' id='page_1' title='image "./iurisprudentiae00bremgoog_0220.png"; bbox 0 0 2422 3840; ppageno 0'>
   <div class='ocr_carea' id='block_1_1' title="bbox 314 173 1088 238">
    <p class='ocr_par' dir='ltr' id='par_1_1' title="bbox 314 173 1088 238">
     <span class='ocr_line' id='line_1_1' title="bbox 314 173 1088 238; baseline 0.013 -10"><span class='ocrx_word' id='word_1_1' title='bbox 314 178 339 229; x_wconf 86' lang='grc'><strong>8.</strong></span> <span class='ocrx_word' id='word_1_2' title='bbox 366 173 518 231; x_wconf 78' lang='lat' dir='ltr'>SERVIUS</span> <span class='ocrx_word' id='word_1_3' title='bbox 537 173 719 231; x_wconf 79' lang='lat' dir='ltr'>SULPICIUS</span> <span class='ocrx_word' id='word_1_4' title='bbox 738 174 856 230; x_wconf 81' lang='lat' dir='ltr'>RUFUS</span> <span class='ocrx_word' id='word_1_5' title='bbox 1024 174 1088 238; x_wconf 76' lang='lat'><strong>207</strong></span> 
     </span>
    </p>
   </div>
   <div class='ocr_carea' id='block_1_2' title="bbox 77 328 1193 2639">
    <p class='ocr_par' dir='ltr' id='par_1_2' title="bbox 77 328 1193 756">
     <span class='ocr_line' id='line_1_2' title="bbox 78 328 1092 420; baseline 0.001 -19"><span class='ocrx_word' id='word_1_6' title='bbox 78 335 290 420; x_wconf 86' lang='lat' dir='ltr'><strong>respondisse</strong></span> <span class='ocrx_word' id='word_1_7' title='bbox 314 328 461 402; x_wconf 69' lang='lat' dir='ltr'><strong>Aufidius</strong></span> <span class='ocrx_word' id='word_1_8' title='bbox 490 337 600 420; x_wconf 87' lang='lat' dir='ltr'><strong>refert,</strong></span> <span class='ocrx_word' id='word_1_9' title='bbox 630 338 657 401; x_wconf 94' lang='lat' dir='ltr'><strong>si</strong></span> <span class='ocrx_word' id='word_1_10' title='bbox 680 337 759 403; x_wconf 91' lang='lat' dir='ltr'><strong>socii</strong></span> <span class='ocrx_word' id='word_1_11' title='bbox 782 338 939 403; x_wconf 93' lang='lat' dir='ltr'><strong>bonorum</strong></span> <span class='ocrx_word' id='word_1_12' title='bbox 962 338 1092 420; x_wconf 87' lang='lat' dir='ltr'><strong>fuerint,</strong></span> 
     </span>
     <span class='ocr_line' id='line_1_3' title="bbox 79 425 1091 510; baseline 0.001 -21"><span class='ocrx_word' id='word_1_13' title='bbox 79 425 198 489; x_wconf 88' lang='lat' dir='ltr'><strong>deinde</strong></span> <span class='ocrx_word' id='word_1_14' title='bbox 221 446 315 510; x_wconf 91' lang='lat' dir='ltr'><strong>unus,</strong></span> <span class='ocrx_word' id='word_1_15' title='bbox 338 447 410 490; x_wconf 89' lang='lat' dir='ltr'><strong>curn</strong></span> <span class='ocrx_word' id='word_1_16' title='bbox 434 426 474 490; x_wconf 90' lang='lat' dir='ltr'><strong>ad</strong></span> <span class='ocrx_word' id='word_1_17' title='bbox 498 426 651 491; x_wconf 90' lang='lat' dir='ltr'><strong>iudicium</strong></span> <span class='ocrx_word' id='word_1_18' title='bbox 675 449 740 492; x_wconf 91' lang='lat' dir='ltr'><strong>non</strong></span> <span class='ocrx_word' id='word_1_19' title='bbox 761 427 896 508; x_wconf 75' lang='lat' dir='ltr'><strong>adesset,</strong></span> <span class='ocrx_word' id='word_1_20' title='bbox 920 426 1091 491; x_wconf 91' lang='lat' dir='ltr'><strong>damnatus</strong></span> 
     </span>
     <span class='ocr_line' id='line_1_4' title="bbox 78 513 1193 598; baseline 0.002 -20"><span class='ocrx_word' id='word_1_21' title='bbox 78 513 133 597; x_wconf 89' lang='lat' dir='ltr'><strong>sit,</strong></span> <span class='ocrx_word' id='word_1_22' title='bbox 156 534 224 578; x_wconf 91' lang='lat' dir='ltr'><strong>non</strong></span> <span class='ocrx_word' id='word_1_23' title='bbox 248 514 364 578; x_wconf 90' lang='lat' dir='ltr'><strong>debere</strong></span> <span class='ocrx_word' id='word_1_24' title='bbox 388 537 461 579; x_wconf 87' lang='lat' dir='ltr'><strong>eum</strong></span> <span class='ocrx_word' id='word_1_25' title='bbox 485 515 524 579; x_wconf 90' lang='lat' dir='ltr'><strong>de</strong></span> <span class='ocrx_word' id='word_1_26' title='bbox 548 517 710 580; x_wconf 91' lang='lat' dir='ltr'><strong>communi</strong></span> <span class='ocrx_word' id='word_1_27' title='bbox 728 515 761 579; x_wconf 87' lang='lat' dir='ltr'><strong>id</strong></span> <span class='ocrx_word' id='word_1_28' title='bbox 780 516 944 598; x_wconf 80' lang='lat' dir='ltr'><strong>consequi3</strong></span> <span class='ocrx_word' id='word_1_29' title='bbox 968 516 1089 580; x_wconf 87' lang='lat' dir='ltr'><strong>sivero</strong></span> <span class='ocrx_word' id='word_1_30' title='bbox 1191 541 1193 544; x_wconf 92' lang='lat'>·</span> 
     </span>
     <span class='ocr_line' id='line_1_5' title="bbox 77 600 1091 687; baseline 0.002 -21"><span class='ocrx_word' id='word_1_31' title='bbox 77 623 236 685; x_wconf 88' lang='lat' dir='ltr'><strong>praesens</strong></span> <span class='ocrx_word' id='word_1_32' title='bbox 272 600 424 668; x_wconf 91' lang='lat' dir='ltr'><strong>iniuriam</strong></span> <span class='ocrx_word' id='word_1_33' title='bbox 459 604 573 668; x_wconf 89' lang='lat' dir='ltr'><strong>iudicis</strong></span> <span class='ocrx_word' id='word_1_34' title='bbox 609 626 724 687; x_wconf 89' lang='lat' dir='ltr'><strong>passus</strong></span> <span class='ocrx_word' id='word_1_35' title='bbox 762 604 817 686; x_wconf 91' lang='lat' dir='ltr'><strong>sit,</strong></span> <span class='ocrx_word' id='word_1_36' title='bbox 854 604 892 668; x_wconf 90' lang='lat' dir='ltr'><strong>de</strong></span> <span class='ocrx_word' id='word_1_37' title='bbox 929 604 1091 669; x_wconf 91' lang='lat' dir='ltr'><strong>communi</strong></span> 
     </span>
     <span class='ocr_line' id='line_1_6' title="bbox 78 690 292 756; baseline 0.005 -1"><span class='ocrx_word' id='word_1_38' title='bbox 78 690 292 756; x_wconf 75' lang='lat' dir='ltr'>sarciendam.</span> 
     </span>
    </p>

    <p class='ocr_par' dir='ltr' id='par_1_3' title="bbox 77 778 1090 2639">
     <span class='ocr_line' id='line_1_7' title="bbox 171 778 1087 866; baseline 0 -21"><span class='ocrx_word' id='word_1_39' title='bbox 171 780 244 846; x_wconf 80' lang='lat'><strong>128.</strong></span> <span class='ocrx_word' id='word_1_40' title='bbox 274 779 312 844; x_wconf 92' lang='lat' dir='ltr'><strong>D.</strong></span> <span class='ocrx_word' id='word_1_41' title='bbox 334 781 385 864; x_wconf 77' lang='lat'><strong>17,</strong></span> <span class='ocrx_word' id='word_1_42' title='bbox 403 782 433 864; x_wconf 84' lang='lat'><strong>2,</strong></span> <span class='ocrx_word' id='word_1_43' title='bbox 452 782 491 846; x_wconf 80' lang='lat'><strong>71</strong></span> <span class='ocrx_word' id='word_1_44' title='bbox 505 803 552 864; x_wconf 92' lang='lat' dir='ltr'><strong>pr.</strong></span> <span class='ocrx_word' id='word_1_45' title='bbox 593 779 684 844; x_wconf 83' lang='lat' dir='ltr'><strong>Idem</strong></span> <span class='ocrx_word' id='word_1_46' title='bbox 708 778 856 866; x_wconf 90' lang='lat' dir='ltr'><strong>(Paulus)</strong></span> <span class='ocrx_word' id='word_1_47' title='bbox 881 781 965 845; x_wconf 90' lang='lat' dir='ltr'><strong>libro</strong></span> <span class='ocrx_word' id='word_1_48' title='bbox 989 781 1087 846; x_wconf 91' lang='lat' dir='ltr'><strong>tertio</strong></span> 
     </span>
     <span class='ocr_line' id='line_1_8' title="bbox 79 866 1090 956; baseline 0.001 -24"><span class='ocrx_word' id='word_1_49' title='bbox 79 869 298 952; x_wconf 87' lang='lat' dir='ltr'><strong>epitomarum</strong></span> <span class='ocrx_word' id='word_1_50' title='bbox 311 867 421 934; x_wconf 81' lang='lat' dir='ltr'><strong>Alfeni</strong></span> <span class='ocrx_word' id='word_1_51' title='bbox 435 869 643 955; x_wconf 80' lang='lat' dir='ltr'><strong>Digestorum</strong></span> <span class='ocrx_word' id='word_1_52' title='bbox 659 866 708 956; x_wconf 92' lang='lat' dir='ltr'><strong>(P.</strong></span> <span class='ocrx_word' id='word_1_53' title='bbox 718 868 787 954; x_wconf 84' lang='lat'>51).</span> <span class='ocrx_word' id='word_1_54' title='bbox 814 868 886 935; x_wconf 92' lang='lat' dir='ltr'><strong>Duo</strong></span> <span class='ocrx_word' id='word_1_55' title='bbox 903 871 1090 950; x_wconf 85' lang='lat' dir='ltr'><strong>societatem</strong></span> 
     </span>
     <span class='ocr_line' id='line_1_9' title="bbox 79 957 1090 1043; baseline -0.002 -21"><span class='ocrx_word' id='word_1_56' title='bbox 79 957 236 1041; x_wconf 88' lang='lat' dir='ltr'><strong>coierunt,</strong></span> <span class='ocrx_word' id='word_1_57' title='bbox 254 960 292 1021; x_wconf 91' lang='lat' dir='ltr'><strong>ut</strong></span> <span class='ocrx_word' id='word_1_58' title='bbox 310 960 555 1042; x_wconf 86' lang='lat' dir='ltr'><strong>grammaticam</strong></span> <span class='ocrx_word' id='word_1_59' title='bbox 574 957 726 1022; x_wconf 88' lang='lat' dir='ltr'><strong>docerent</strong></span> <span class='ocrx_word' id='word_1_60' title='bbox 744 962 776 1021; x_wconf 91' lang='lat' dir='ltr'><strong>et</strong></span> <span class='ocrx_word' id='word_1_61' title='bbox 795 958 880 1043; x_wconf 89' lang='lat' dir='ltr'><strong>quod</strong></span> <span class='ocrx_word' id='word_1_62' title='bbox 900 981 938 1022; x_wconf 87' lang='lat' dir='ltr'><strong>ex</strong></span> <span class='ocrx_word' id='word_1_63' title='bbox 958 980 996 1023; x_wconf 92' lang='lat' dir='ltr'><strong>eo</strong></span> <span class='ocrx_word' id='word_1_64' title='bbox 1014 957 1090 1022; x_wconf 89' lang='lat' dir='ltr'><strong>arti-</strong></span> 
     </span>
     <span class='ocr_line' id='line_1_10' title="bbox 78 1046 1090 1130; baseline 0.001 -21"><span class='ocrx_word' id='word_1_65' title='bbox 78 1046 155 1110; x_wconf 91' lang='lat' dir='ltr'><strong>ficio</strong></span> <span class='ocrx_word' id='word_1_66' title='bbox 175 1050 326 1130; x_wconf 76' lang='lat' dir='ltr'><strong>quaestus</strong></span> <span class='ocrx_word' id='word_1_67' title='bbox 340 1047 500 1126; x_wconf 82' lang='lat' dir='ltr'><strong>fecissent,</strong></span> <span class='ocrx_word' id='word_1_68' title='bbox 519 1068 688 1112; x_wconf 89' lang='lat' dir='ltr'><strong>commune</strong></span> <span class='ocrx_word' id='word_1_69' title='bbox 703 1069 812 1112; x_wconf 90' lang='lat' dir='ltr'><strong>eorum</strong></span> <span class='ocrx_word' id='word_1_70' title='bbox 828 1050 922 1112; x_wconf 91' lang='lat' dir='ltr'><strong>esset.</strong></span> <span class='ocrx_word' id='word_1_71' title='bbox 951 1047 988 1110; x_wconf 92' lang='lat' dir='ltr'><strong>de</strong></span> <span class='ocrx_word' id='word_1_72' title='bbox 1004 1069 1041 1110; x_wconf 90' lang='lat' dir='ltr'><strong>ea</strong></span> <span class='ocrx_word' id='word_1_73' title='bbox 1055 1068 1090 1110; x_wconf 91' lang='lat' dir='ltr'><strong>re</strong></span> 
     </span>
     <span class='ocr_line' id='line_1_11' title="bbox 80 1135 1089 1221; baseline 0 -23"><span class='ocrx_word' id='word_1_74' title='bbox 80 1156 166 1219; x_wconf 91' lang='lat' dir='ltr'><strong>quae</strong></span> <span class='ocrx_word' id='word_1_75' title='bbox 188 1136 357 1200; x_wconf 86' lang='lat' dir='ltr'><strong>voluerunt</strong></span> <span class='ocrx_word' id='word_1_76' title='bbox 379 1136 449 1199; x_wconf 89' lang='lat' dir='ltr'><strong>fieri</strong></span> <span class='ocrx_word' id='word_1_77' title='bbox 471 1135 506 1200; x_wconf 93' lang='lat' dir='ltr'><strong>in</strong></span> <span class='ocrx_word' id='word_1_78' title='bbox 529 1139 625 1221; x_wconf 87' lang='lat' dir='ltr'><strong>pacto</strong></span> <span class='ocrx_word' id='word_1_79' title='bbox 649 1140 807 1201; x_wconf 85' lang='lat' dir='ltr'><strong>convento</strong></span> <span class='ocrx_word' id='word_1_80' title='bbox 831 1136 994 1201; x_wconf 88' lang='lat' dir='ltr'><strong>societatis</strong></span> <span class='ocrx_word' id='word_1_81' title='bbox 1017 1157 1089 1219; x_wconf 89' lang='lat' dir='ltr'><strong>pro-</strong></span> 
     </span>
     <span class='ocr_line' id='line_1_12' title="bbox 79 1223 1089 1309; baseline 0 -22"><span class='ocrx_word' id='word_1_82' title='bbox 79 1224 295 1307; x_wconf 87' lang='lat' dir='ltr'><strong>scripserunt,</strong></span> <span class='ocrx_word' id='word_1_83' title='bbox 318 1223 431 1288; x_wconf 89' lang='lat' dir='ltr'><strong>deinde</strong></span> <span class='ocrx_word' id='word_1_84' title='bbox 454 1223 540 1289; x_wconf 86' lang='lat' dir='ltr'><strong>inter</strong></span> <span class='ocrx_word' id='word_1_85' title='bbox 563 1246 598 1289; x_wconf 85' lang='lat' dir='ltr'><strong>ae</strong></span> <span class='ocrx_word' id='word_1_86' title='bbox 621 1223 672 1288; x_wconf 93' lang='lat' dir='ltr'><strong>his</strong></span> <span class='ocrx_word' id='word_1_87' title='bbox 695 1225 802 1289; x_wconf 88' lang='lat' dir='ltr'><strong>verbis</strong></span> <span class='ocrx_word' id='word_1_88' title='bbox 827 1225 976 1309; x_wconf 87' lang='lat' dir='ltr'><strong>stipulati</strong></span> <span class='ocrx_word' id='word_1_89' title='bbox 1000 1227 1089 1289; x_wconf 90' lang='lat' dir='ltr'><strong>sunt:</strong></span> 
     </span>
     <span class='ocr_line' id='line_1_13' title="bbox 78 1311 1089 1397; baseline 0.001 -21"><span class='ocrx_word' id='word_1_90' title='bbox 78 1311 174 1377; x_wconf 71' lang='lat' dir='ltr'><strong>‘haec</strong></span> <span class='ocrx_word' id='word_1_91' title='bbox 197 1334 279 1396; x_wconf 87' lang='lat' dir='ltr'><strong>qnae</strong></span> <span class='ocrx_word' id='word_1_92' title='bbox 303 1335 400 1396; x_wconf 87' lang='lat' dir='ltr'><strong>supra</strong></span> <span class='ocrx_word' id='word_1_93' title='bbox 424 1315 543 1394; x_wconf 90' lang='lat' dir='ltr'><strong>scripta</strong></span> <span class='ocrx_word' id='word_1_94' title='bbox 567 1318 651 1396; x_wconf 89' lang='lat' dir='ltr'><strong>sunt,</strong></span> <span class='ocrx_word' id='word_1_95' title='bbox 674 1335 712 1377; x_wconf 92' lang='lat' dir='ltr'><strong>ea</strong></span> <span class='ocrx_word' id='word_1_96' title='bbox 734 1313 782 1378; x_wconf 91' lang='lat' dir='ltr'><strong>ita</strong></span> <span class='ocrx_word' id='word_1_97' title='bbox 807 1314 876 1377; x_wconf 90' lang='lat' dir='ltr'><strong>dari</strong></span> <span class='ocrx_word' id='word_1_98' title='bbox 899 1314 968 1377; x_wconf 88' lang='lat' dir='ltr'><strong>fieri</strong></span> <span class='ocrx_word' id='word_1_99' title='bbox 987 1335 1089 1397; x_wconf 88' lang='lat' dir='ltr'><strong>neque</strong></span> 
     </span>
     <span class='ocr_line' id='line_1_14' title="bbox 80 1401 1089 1485; baseline 0 -21"><span class='ocrx_word' id='word_1_100' title='bbox 80 1401 235 1466; x_wconf 87' lang='lat' dir='ltr'><strong>adversus</strong></span> <span class='ocrx_word' id='word_1_101' title='bbox 268 1423 306 1466; x_wconf 91' lang='lat' dir='ltr'><strong>ea</strong></span> <span class='ocrx_word' id='word_1_102' title='bbox 337 1401 429 1466; x_wconf 82' lang='lat' dir='ltr'><strong>fieri?</strong></span> <span class='ocrx_word' id='word_1_103' title='bbox 480 1403 506 1466; x_wconf 88' lang='lat' dir='ltr'><strong>si</strong></span> <span class='ocrx_word' id='word_1_104' title='bbox 542 1424 579 1467; x_wconf 91' lang='lat' dir='ltr'><strong>ea</strong></span> <span class='ocrx_word' id='word_1_105' title='bbox 605 1402 652 1466; x_wconf 90' lang='lat' dir='ltr'><strong>ita</strong></span> <span class='ocrx_word' id='word_1_106' title='bbox 680 1402 757 1466; x_wconf 90' lang='lat' dir='ltr'><strong>data</strong></span> <span class='ocrx_word' id='word_1_107' title='bbox 785 1401 871 1466; x_wconf 87' lang='lat' dir='ltr'><strong>facta</strong></span> <span class='ocrx_word' id='word_1_108' title='bbox 898 1424 964 1467; x_wconf 93' lang='lat' dir='ltr'><strong>non</strong></span> <span class='ocrx_word' id='word_1_109' title='bbox 987 1407 1089 1485; x_wconf 83' lang='lat' dir='ltr'><strong>amnt,</strong></span> 
     </span>
     <span class='ocr_line' id='line_1_15' title="bbox 79 1490 1089 1576; baseline 0 -22"><span class='ocrx_word' id='word_1_110' title='bbox 79 1494 153 1554; x_wconf 90' lang='lat' dir='ltr'><strong>tum</strong></span> <span class='ocrx_word' id='word_1_111' title='bbox 175 1490 292 1575; x_wconf 81' lang='lat' dir='ltr'><strong>viginti</strong></span> <span class='ocrx_word' id='word_1_112' title='bbox 315 1490 405 1555; x_wconf 90' lang='lat' dir='ltr'><strong>milia</strong></span> <span class='ocrx_word' id='word_1_113' title='bbox 429 1490 536 1555; x_wconf 80' lang='lat' dir='ltr'><strong>dari?&#39;</strong></span> <span class='ocrx_word' id='word_1_114' title='bbox 582 1491 761 1574; x_wconf 87' lang='lat' dir='ltr'><strong>quaesitum</strong></span> <span class='ocrx_word' id='word_1_115' title='bbox 787 1496 849 1574; x_wconf 87' lang='lat' dir='ltr'><strong>est,</strong></span> <span class='ocrx_word' id='word_1_116' title='bbox 878 1513 933 1575; x_wconf 89' lang='lat' dir='ltr'><strong>an,</strong></span> <span class='ocrx_word' id='word_1_117' title='bbox 961 1491 1089 1576; x_wconf 92' lang='lat' dir='ltr'><strong>siquid</strong></span> 
     </span>
     <span class='ocr_line' id='line_1_16' title="bbox 79 1577 1088 1664; baseline -0.001 -20"><span class='ocrx_word' id='word_1_118' title='bbox 79 1581 197 1644; x_wconf 88' lang='lat' dir='ltr'><strong>eontra</strong></span> <span class='ocrx_word' id='word_1_119' title='bbox 228 1577 349 1644; x_wconf 88' lang='lat' dir='ltr'><strong>factum</strong></span> <span class='ocrx_word' id='word_1_120' title='bbox 383 1584 485 1662; x_wconf 91' lang='lat' dir='ltr'><strong>esset,</strong></span> <span class='ocrx_word' id='word_1_121' title='bbox 522 1579 686 1644; x_wconf 90' lang='lat' dir='ltr'><strong>societatis</strong></span> <span class='ocrx_word' id='word_1_122' title='bbox 718 1579 845 1645; x_wconf 89' lang='lat' dir='ltr'><strong>actione</strong></span> <span class='ocrx_word' id='word_1_123' title='bbox 882 1581 936 1664; x_wconf 81' lang='lat' dir='ltr'><strong>agi</strong></span> <span class='ocrx_word' id='word_1_124' title='bbox 969 1584 1088 1663; x_wconf 91' lang='lat' dir='ltr'><strong>posset.</strong></span> 
     </span>
     <span class='ocr_line' id='line_1_17' title="bbox 78 1666 1088 1752; baseline 0.001 -21"><span class='ocrx_word' id='word_1_125' title='bbox 78 1666 256 1751; x_wconf 87' lang='lat' dir='ltr'><strong>respondit,</strong></span> <span class='ocrx_word' id='word_1_126' title='bbox 275 1667 302 1732; x_wconf 90' lang='lat' dir='ltr'><strong>si</strong></span> <span class='ocrx_word' id='word_1_127' title='bbox 322 1668 450 1752; x_wconf 91' lang='lat' dir='ltr'><strong>quidem</strong></span> <span class='ocrx_word' id='word_1_128' title='bbox 467 1672 563 1751; x_wconf 90' lang='lat' dir='ltr'><strong>pacto</strong></span> <span class='ocrx_word' id='word_1_129' title='bbox 582 1671 741 1734; x_wconf 82' lang='lat' dir='ltr'><strong>convento</strong></span> <span class='ocrx_word' id='word_1_130' title='bbox 761 1669 846 1733; x_wconf 92' lang='lat' dir='ltr'><strong>inter</strong></span> <span class='ocrx_word' id='word_1_131' title='bbox 864 1691 919 1734; x_wconf 92' lang='lat' dir='ltr'><strong>eos</strong></span> <span class='ocrx_word' id='word_1_132' title='bbox 937 1669 975 1734; x_wconf 88' lang='lat' dir='ltr'><strong>de</strong></span> <span class='ocrx_word' id='word_1_133' title='bbox 991 1669 1088 1734; x_wconf 87' lang='lat' dir='ltr'><strong>socie-</strong></span> 
     </span>
     <span class='ocr_line' id='line_1_18' title="bbox 77 1755 1089 1841; baseline 0 -21"><span class='ocrx_word' id='word_1_134' title='bbox 77 1760 150 1820; x_wconf 86' lang='lat' dir='ltr'><strong>tate</strong></span> <span class='ocrx_word' id='word_1_135' title='bbox 172 1756 259 1839; x_wconf 81' lang='lat' dir='ltr'><strong>faoto</strong></span> <span class='ocrx_word' id='word_1_136' title='bbox 279 1757 325 1820; x_wconf 90' lang='lat' dir='ltr'><strong>ita</strong></span> <span class='ocrx_word' id='word_1_137' title='bbox 345 1757 492 1841; x_wconf 90' lang='lat' dir='ltr'><strong>stipulati</strong></span> <span class='ocrx_word' id='word_1_138' title='bbox 511 1762 620 1822; x_wconf 88' lang='lat' dir='ltr'><strong>essent</strong></span> <span class='ocrx_word' id='word_1_139' title='bbox 644 1755 734 1821; x_wconf 75' lang='lat' dir='ltr'><strong>‘haec</strong></span> <span class='ocrx_word' id='word_1_140' title='bbox 752 1758 800 1821; x_wconf 91' lang='lat' dir='ltr'><strong>ita</strong></span> <span class='ocrx_word' id='word_1_141' title='bbox 819 1758 889 1822; x_wconf 92' lang='lat' dir='ltr'><strong>dari</strong></span> <span class='ocrx_word' id='word_1_142' title='bbox 907 1759 976 1822; x_wconf 89' lang='lat' dir='ltr'><strong>fieri</strong></span> <span class='ocrx_word' id='word_1_143' title='bbox 994 1779 1089 1839; x_wconf 92' lang='lat' dir='ltr'><strong>spon·</strong></span> 
     </span>
     <span class='ocr_line' id='line_1_19' title="bbox 79 1843 1088 1930; baseline -0.001 -21"><span class='ocrx_word' id='word_1_144' title='bbox 79 1843 187 1928; x_wconf 67' lang='lat' dir='ltr'><strong>desd&#39;,</strong></span> <span class='ocrx_word' id='word_1_145' title='bbox 214 1844 359 1912; x_wconf 89' lang='lat' dir='ltr'><strong>futurum</strong></span> <span class='ocrx_word' id='word_1_146' title='bbox 382 1846 493 1930; x_wconf 90' lang='lat' dir='ltr'><strong>fuisse,</strong></span> <span class='ocrx_word' id='word_1_147' title='bbox 520 1847 586 1929; x_wconf 90' lang='lat' dir='ltr'><strong>ut[,</strong></span> <span class='ocrx_word' id='word_1_148' title='bbox 608 1846 636 1910; x_wconf 92' lang='lat' dir='ltr'><strong>si</strong></span> <span class='ocrx_word' id='word_1_149' title='bbox 659 1846 844 1910; x_wconf 84' lang='lat' dir='ltr'><strong>novationis</strong></span> <span class='ocrx_word' id='word_1_150' title='bbox 868 1867 966 1909; x_wconf 91' lang='lat' dir='ltr'><strong>causa</strong></span> <span class='ocrx_word' id='word_1_151' title='bbox 988 1846 1021 1908; x_wconf 92' lang='lat' dir='ltr'><strong>id</strong></span> <span class='ocrx_word' id='word_1_152' title='bbox 1044 1846 1088 1909; x_wconf 86' lang='lat' dir='ltr'><strong>fe-</strong></span> 
     </span>
     <span class='ocr_line' id='line_1_20' title="bbox 78 1933 1089 2019; baseline -0.002 -20"><span class='ocrx_word' id='word_1_153' title='bbox 78 1933 223 2017; x_wconf 71' lang='lat' dir='ltr'><strong>cissent]</strong></span> <span class='ocrx_word' id='word_1_154' title='bbox 261 1956 320 2018; x_wconf 91' lang='lat' dir='ltr'><strong>pro</strong></span> <span class='ocrx_word' id='word_1_155' title='bbox 354 1934 441 1999; x_wconf 92' lang='lat' dir='ltr'><strong>socio</strong></span> <span class='ocrx_word' id='word_1_156' title='bbox 471 1935 525 2019; x_wconf 85' lang='lat' dir='ltr'><strong>agi</strong></span> <span class='ocrx_word' id='word_1_157' title='bbox 552 1956 616 1999; x_wconf 92' lang='lat' dir='ltr'><strong>non</strong></span> <span class='ocrx_word' id='word_1_158' title='bbox 644 1935 761 2018; x_wconf 88' lang='lat' dir='ltr'><strong>possit,</strong></span> <span class='ocrx_word' id='word_1_159' title='bbox 794 1935 849 1998; x_wconf 89' lang='lat' dir='ltr'><strong>sed</strong></span> <span class='ocrx_word' id='word_1_160' title='bbox 877 1936 948 1998; x_wconf 90' lang='lat' dir='ltr'><strong>tota</strong></span> <span class='ocrx_word' id='word_1_161' title='bbox 975 1956 1026 1997; x_wconf 90' lang='lat' dir='ltr'><strong>res</strong></span> <span class='ocrx_word' id='word_1_162' title='bbox 1053 1934 1089 1997; x_wconf 93' lang='lat' dir='ltr'><strong>in</strong></span> 
     </span>
     <span class='ocr_line' id='line_1_21' title="bbox 79 2021 1087 2107; baseline -0.002 -20"><span class='ocrx_word' id='word_1_163' title='bbox 79 2023 326 2107; x_wconf 87' lang='lat' dir='ltr'><strong>stipulationem</strong></span> <span class='ocrx_word' id='word_1_164' title='bbox 353 2023 514 2087; x_wconf 86' lang='lat' dir='ltr'><strong>translata</strong></span> <span class='ocrx_word' id='word_1_165' title='bbox 541 2023 711 2088; x_wconf 86' lang='lat' dir='ltr'><strong>videretur.</strong></span> <span class='ocrx_word' id='word_1_166' title='bbox 757 2021 813 2085; x_wconf 91' lang='lat' dir='ltr'><strong>sed</strong></span> <span class='ocrx_word' id='word_1_167' title='bbox 841 2023 995 2106; x_wconf 89' lang='lat' dir='ltr'><strong>quoniam</strong></span> <span class='ocrx_word' id='word_1_168' title='bbox 1023 2043 1087 2086; x_wconf 91' lang='lat' dir='ltr'><strong>non</strong></span> 
     </span>
     <span class='ocr_line' id='line_1_22' title="bbox 77 2109 1089 2194; baseline -0.002 -19"><span class='ocrx_word' id='word_1_169' title='bbox 77 2112 127 2176; x_wconf 88' lang='lat' dir='ltr'><strong>ita</strong></span> <span class='ocrx_word' id='word_1_170' title='bbox 155 2115 264 2176; x_wconf 89' lang='lat' dir='ltr'><strong>essent</strong></span> <span class='ocrx_word' id='word_1_171' title='bbox 291 2112 439 2194; x_wconf 89' lang='lat' dir='ltr'><strong>stipulati</strong></span> <span class='ocrx_word' id='word_1_172' title='bbox 466 2111 520 2176; x_wconf 78' lang='lat' dir='ltr'><strong>‘ea</strong></span> <span class='ocrx_word' id='word_1_173' title='bbox 549 2113 597 2175; x_wconf 91' lang='lat' dir='ltr'><strong>ita</strong></span> <span class='ocrx_word' id='word_1_174' title='bbox 625 2111 694 2175; x_wconf 90' lang='lat' dir='ltr'><strong>dari</strong></span> <span class='ocrx_word' id='word_1_175' title='bbox 716 2111 785 2174; x_wconf 89' lang='lat' dir='ltr'><strong>fieri</strong></span> <span class='ocrx_word' id='word_1_176' title='bbox 809 2109 986 2192; x_wconf 72' lang='lat' dir='ltr'><strong>spondesl&#39;</strong></span> <span class='ocrx_word' id='word_1_177' title='bbox 1033 2109 1089 2173; x_wconf 92' lang='lat' dir='ltr'><strong>sed</strong></span> 
     </span>
     <span class='ocr_line' id='line_1_23' title="bbox 82 2198 1088 2281; baseline -0.003 -17"><span class='ocrx_word' id='word_1_178' title='bbox 82 2199 124 2264; x_wconf 70' lang='lat' dir='ltr'><strong>‘si</strong></span> <span class='ocrx_word' id='word_1_179' title='bbox 148 2221 186 2265; x_wconf 90' lang='lat' dir='ltr'><strong>ea</strong></span> <span class='ocrx_word' id='word_1_180' title='bbox 208 2201 256 2264; x_wconf 91' lang='lat' dir='ltr'><strong>ita</strong></span> <span class='ocrx_word' id='word_1_181' title='bbox 278 2200 365 2265; x_wconf 86' lang='lat' dir='ltr'><strong>facta</strong></span> <span class='ocrx_word' id='word_1_182' title='bbox 387 2223 453 2265; x_wconf 93' lang='lat' dir='ltr'><strong>non</strong></span> <span class='ocrx_word' id='word_1_183' title='bbox 478 2204 592 2281; x_wconf 88' lang='lat' dir='ltr'><strong>essent,</strong></span> <span class='ocrx_word' id='word_1_184' title='bbox 616 2200 725 2264; x_wconf 89' lang='lat' dir='ltr'><strong>decem</strong></span> <span class='ocrx_word' id='word_1_185' title='bbox 750 2198 867 2281; x_wconf 71' lang='lat' dir='ltr'><strong>daril&#39;,</strong></span> <span class='ocrx_word' id='word_1_186' title='bbox 899 2220 964 2263; x_wconf 91' lang='lat' dir='ltr'><strong>non</strong></span> <span class='ocrx_word' id='word_1_187' title='bbox 987 2198 1088 2262; x_wconf 84' lang='lat' dir='ltr'><strong>videri</strong></span> 
     </span>
     <span class='ocr_line' id='line_1_24' title="bbox 78 2286 1089 2373; baseline -0.004 -19"><span class='ocrx_word' id='word_1_188' title='bbox 78 2289 143 2355; x_wconf 89' lang='lat' dir='ltr'><strong>sibi</strong></span> <span class='ocrx_word' id='word_1_189' title='bbox 171 2311 240 2353; x_wconf 90' lang='lat' dir='ltr'><strong>rem</strong></span> <span class='ocrx_word' id='word_1_190' title='bbox 270 2290 304 2352; x_wconf 93' lang='lat' dir='ltr'><strong>in</strong></span> <span class='ocrx_word' id='word_1_191' title='bbox 332 2289 576 2372; x_wconf 85' lang='lat' dir='ltr'><strong>stipulationem</strong></span> <span class='ocrx_word' id='word_1_192' title='bbox 606 2289 805 2373; x_wconf 86' lang='lat' dir='ltr'><strong>pervenisse,</strong></span> <span class='ocrx_word' id='word_1_193' title='bbox 837 2286 891 2352; x_wconf 89' lang='lat' dir='ltr'><strong>sed</strong></span> <span class='ocrx_word' id='word_1_194' title='bbox 921 2287 1089 2351; x_wconf 86' lang='lat' dir='ltr'><strong>dumtaxat</strong></span> 
     </span>
     <span class='ocr_line' id='line_1_25' title="bbox 78 2376 1089 2464; baseline -0.006 -19"><span class='ocrx_word' id='word_1_195' title='bbox 78 2400 222 2464; x_wconf 87' lang='lat' dir='ltr'><strong>poenam</strong></span> <span class='ocrx_word' id='word_1_196' title='bbox 236 2376 315 2463; x_wconf 89' lang='lat' dir='ltr'><strong>(non</strong></span> <span class='ocrx_word' id='word_1_197' title='bbox 336 2379 423 2442; x_wconf 92' lang='lat' dir='ltr'><strong>enim</strong></span> <span class='ocrx_word' id='word_1_198' title='bbox 441 2379 607 2463; x_wconf 89' lang='lat' dir='ltr'><strong>utriusque</strong></span> <span class='ocrx_word' id='word_1_199' title='bbox 626 2379 672 2442; x_wconf 91' lang='lat' dir='ltr'><strong>rei</strong></span> <span class='ocrx_word' id='word_1_200' title='bbox 690 2378 919 2461; x_wconf 87' lang='lat' dir='ltr'><strong>promissorem</strong></span> <span class='ocrx_word' id='word_1_201' title='bbox 940 2377 1089 2460; x_wconf 85' lang='lat' dir='ltr'><strong>obligari,</strong></span> 
     </span>
     <span class='ocr_line' id='line_1_26' title="bbox 77 2463 1086 2552; baseline -0.004 -20"><span class='ocrx_word' id='word_1_202' title='bbox 77 2471 115 2533; x_wconf 88' lang='lat' dir='ltr'><strong>ut</strong></span> <span class='ocrx_word' id='word_1_203' title='bbox 133 2489 174 2532; x_wconf 87' lang='lat' dir='ltr'><strong>ea</strong></span> <span class='ocrx_word' id='word_1_204' title='bbox 192 2467 284 2531; x_wconf 93' lang='lat' dir='ltr'><strong>daret</strong></span> <span class='ocrx_word' id='word_1_205' title='bbox 298 2466 417 2532; x_wconf 86' lang='lat' dir='ltr'><strong>faceret</strong></span> <span class='ocrx_word' id='word_1_206' title='bbox 436 2471 477 2550; x_wconf 90' lang='lat' dir='ltr'><strong>et,</strong></span> <span class='ocrx_word' id='word_1_207' title='bbox 495 2467 523 2530; x_wconf 93' lang='lat' dir='ltr'><strong>si</strong></span> <span class='ocrx_word' id='word_1_208' title='bbox 537 2490 602 2532; x_wconf 93' lang='lat' dir='ltr'><strong>non</strong></span> <span class='ocrx_word' id='word_1_209' title='bbox 615 2466 754 2552; x_wconf 83' lang='lat' dir='ltr'><strong>fecisset,</strong></span> <span class='ocrx_word' id='word_1_210' title='bbox 773 2488 910 2549; x_wconf 90' lang='lat' dir='ltr'><strong>poenam</strong></span> <span class='ocrx_word' id='word_1_211' title='bbox 926 2463 1086 2550; x_wconf 87' lang='lat' dir='ltr'><strong>sufferret)</strong></span> 
     </span>
     <span class='ocr_line' id='line_1_27' title="bbox 77 2555 742 2639; baseline -0.002 -18"><span class='ocrx_word' id='word_1_212' title='bbox 77 2560 112 2621; x_wconf 88' lang='lat' dir='ltr'><strong>et</strong></span> <span class='ocrx_word' id='word_1_213' title='bbox 135 2556 209 2620; x_wconf 92' lang='lat' dir='ltr'><strong>ideo</strong></span> <span class='ocrx_word' id='word_1_214' title='bbox 233 2555 396 2621; x_wconf 88' lang='lat' dir='ltr'><strong>societatis</strong></span> <span class='ocrx_word' id='word_1_215' title='bbox 420 2555 537 2618; x_wconf 86' lang='lat' dir='ltr'><strong>iudicio</strong></span> <span class='ocrx_word' id='word_1_216' title='bbox 562 2557 615 2639; x_wconf 85' lang='lat' dir='ltr'><strong>agi</strong></span> <span class='ocrx_word' id='word_1_217' title='bbox 638 2577 742 2639; x_wconf 91' lang='lat' dir='ltr'><strong>posse.</strong></span> 
     </span>
    </p>
   </div>
   <div class='ocr_carea' id='block_1_3' title="bbox 76 2656 1088 2825">
    <p class='ocr_par' dir='ltr' id='par_1_4' title="bbox 76 2656 1088 2825">
     <span class='ocr_line' id='line_1_28' title="bbox 168 2656 1088 2719; baseline 0.002 -4"><span class='ocrx_word' id='word_1_218' title='bbox 168 2656 270 2717; x_wconf 90' lang='lat' dir='ltr'><strong>Verba</strong></span> <span class='ocrx_word' id='word_1_219' title='bbox 295 2657 380 2717; x_wconf 89' lang='lat' dir='ltr'><strong>uncis</strong></span> <span class='ocrx_word' id='word_1_220' title='bbox 406 2658 523 2717; x_wconf 90' lang='lat' dir='ltr'><strong>inclusa</strong></span> <span class='ocrx_word' id='word_1_221' title='bbox 548 2677 566 2716; x_wconf 94' lang='lat' dir='ltr'><strong>a</strong></span> <span class='ocrx_word' id='word_1_222' title='bbox 590 2658 771 2719; x_wconf 82' lang='lat' dir='ltr'><strong>Triboniano</strong></span> <span class='ocrx_word' id='word_1_223' title='bbox 795 2658 898 2717; x_wconf 88' lang='lat' dir='ltr'><strong>addita</strong></span> <span class='ocrx_word' id='word_1_224' title='bbox 921 2677 984 2718; x_wconf 89' lang='lat' dir='ltr'><strong>esse</strong></span> <span class='ocrx_word' id='word_1_225' title='bbox 1008 2661 1088 2718; x_wconf 89' lang='lat' dir='ltr'><strong>recte</strong></span> 
     </span>
     <span class='ocr_line' id='line_1_29' title="bbox 76 2745 828 2825; baseline -0.004 -17"><span class='ocrx_word' id='word_1_226' title='bbox 76 2747 155 2808; x_wconf 87' lang='lat' dir='ltr'><strong>vidit</strong></span> <span class='ocrx_word' id='word_1_227' title='bbox 177 2747 373 2825; x_wconf 84' lang='lat' dir='ltr'><strong>Pergaments</strong></span> <span class='ocrx_word' id='word_1_228' title='bbox 397 2745 704 2807; x_wconf 85' lang='lat' dir='ltr'><strong>Oonventionalstrafe</strong></span> <span class='ocrx_word' id='word_1_229' title='bbox 728 2747 756 2808; x_wconf 82' lang='lat' dir='ltr'><strong>S.</strong></span> <span class='ocrx_word' id='word_1_230' title='bbox 777 2750 828 2808; x_wconf 84' lang='lat'><strong>87.</strong></span> 
     </span>
    </p>
   </div>
   <div class='ocr_carea' id='block_1_4' title="bbox 172 2836 1089 2923">
    <p class='ocr_par' dir='ltr' id='par_1_5' title="bbox 172 2836 1089 2923">
     <span class='ocr_line' id='line_1_30' title="bbox 172 2836 1089 2923; baseline -0.002 -19"><span class='ocrx_word' id='word_1_231' title='bbox 172 2840 244 2905; x_wconf 82' lang='lat'><strong>129.</strong></span> <span class='ocrx_word' id='word_1_232' title='bbox 272 2839 354 2904; x_wconf 90' lang='lat' dir='ltr'><strong>Ibid.</strong></span> <span class='ocrx_word' id='word_1_233' title='bbox 373 2841 393 2919; x_wconf 64' lang='grc' dir='ltr'>ξ</span> <span class='ocrx_word' id='word_1_234' title='bbox 414 2839 431 2902; x_wconf 94' lang='grc'><strong>1</strong></span> <span class='ocrx_word' id='word_1_235' title='bbox 457 2836 505 2923; x_wconf 83' lang='grc' dir='ltr'><strong>(Ρ.</strong></span> <span class='ocrx_word' id='word_1_236' title='bbox 525 2838 591 2922; x_wconf 82' lang='lat'>51).</span> <span class='ocrx_word' id='word_1_237' title='bbox 628 2838 701 2902; x_wconf 89' lang='lat' dir='ltr'><strong>Duo</strong></span> <span class='ocrx_word' id='word_1_238' title='bbox 722 2839 882 2903; x_wconf 75' lang='lat' dir='ltr'><strong>colliberti</strong></span> <span class='ocrx_word' id='word_1_239' title='bbox 902 2840 1089 2903; x_wconf 82' lang='lat' dir='ltr'><strong>societatem</strong></span> 
     </span>
    </p>
   </div>
   <div class='ocr_carea' id='block_1_5' title="bbox 78 2926 1097 3186">
    <p class='ocr_par' dir='ltr' id='par_1_6' title="bbox 78 2926 1097 3186">
     <span class='ocr_line' id='line_1_31' title="bbox 78 2926 1089 3012; baseline -0.004 -18"><span class='ocrx_word' id='word_1_240' title='bbox 78 2931 229 2996; x_wconf 88' lang='lat' dir='ltr'><strong>coierunt</strong></span> <span class='ocrx_word' id='word_1_241' title='bbox 246 2929 327 2993; x_wconf 90' lang='lat' dir='ltr'><strong>lueri</strong></span> <span class='ocrx_word' id='word_1_242' title='bbox 345 2931 498 3012; x_wconf 85' lang='lat' dir='ltr'><strong>quaestus</strong></span> <span class='ocrx_word' id='word_1_243' title='bbox 517 2926 706 3010; x_wconf 85' lang='lat' dir='ltr'><strong>compendii,</strong></span> <span class='ocrx_word' id='word_1_244' title='bbox 723 2931 837 3011; x_wconf 88' lang='lat' dir='ltr'><strong>postea</strong></span> <span class='ocrx_word' id='word_1_245' title='bbox 853 2949 935 2991; x_wconf 87' lang='lat' dir='ltr'><strong>nnus</strong></span> <span class='ocrx_word' id='word_1_246' title='bbox 950 2949 988 2991; x_wconf 85' lang='lat' dir='ltr'><strong>ex</strong></span> <span class='ocrx_word' id='word_1_247' title='bbox 1002 2927 1054 2991; x_wconf 92' lang='lat' dir='ltr'><strong>his</strong></span> <span class='ocrx_word' id='word_1_248' title='bbox 1070 2950 1089 2990; x_wconf 90' lang='lat' dir='ltr'><strong>a</strong></span> 
     </span>
     <span class='ocr_line' id='line_1_32' title="bbox 78 3015 1086 3104; baseline -0.006 -20"><span class='ocrx_word' id='word_1_249' title='bbox 78 3023 219 3104; x_wconf 89' lang='lat' dir='ltr'><strong>patrono</strong></span> <span class='ocrx_word' id='word_1_250' title='bbox 240 3018 333 3082; x_wconf 91' lang='lat' dir='ltr'><strong>heres</strong></span> <span class='ocrx_word' id='word_1_251' title='bbox 352 3016 522 3081; x_wconf 87' lang='lat' dir='ltr'><strong>institutus</strong></span> <span class='ocrx_word' id='word_1_252' title='bbox 543 3019 600 3098; x_wconf 89' lang='lat' dir='ltr'><strong>est,</strong></span> <span class='ocrx_word' id='word_1_253' title='bbox 624 3015 718 3078; x_wconf 91' lang='lat' dir='ltr'><strong>alteri</strong></span> <span class='ocrx_word' id='word_1_254' title='bbox 737 3015 880 3099; x_wconf 87' lang='lat' dir='ltr'><strong>legatum</strong></span> <span class='ocrx_word' id='word_1_255' title='bbox 900 3015 1086 3079; x_wconf 79' lang='lat' dir='ltr'><strong>detumeat.</strong></span> 
     </span>
     <span class='ocr_line' id='line_1_33' title="bbox 78 3103 1097 3186; baseline -0.009 -13"><span class='ocrx_word' id='word_1_256' title='bbox 78 3113 231 3173; x_wconf 90' lang='lat' dir='ltr'><strong>nentrum</strong></span> <span class='ocrx_word' id='word_1_257' title='bbox 260 3107 375 3172; x_wconf 92' lang='lat' dir='ltr'><strong>horum</strong></span> <span class='ocrx_word' id='word_1_258' title='bbox 403 3107 437 3170; x_wconf 90' lang='lat' dir='ltr'><strong>in</strong></span> <span class='ocrx_word' id='word_1_259' title='bbox 465 3104 605 3169; x_wconf 90' lang='lat' dir='ltr'><strong>medium</strong></span> <span class='ocrx_word' id='word_1_260' title='bbox 633 3103 751 3167; x_wconf 91' lang='lat' dir='ltr'><strong>referre</strong></span> <span class='ocrx_word' id='word_1_261' title='bbox 775 3104 888 3167; x_wconf 93' lang='lat' dir='ltr'><strong>debere</strong></span> <span class='ocrx_word' id='word_1_262' title='bbox 912 3103 1097 3186; x_wconf 86' lang='lat' dir='ltr'><strong>respondit·</strong></span> 
     </span>
    </p>
   </div>
   <div class='ocr_carea' id='block_1_6' title="bbox 476 3252 690 3311">
    <p class='ocr_par' dir='ltr' id='par_1_7' title="bbox 476 3252 690 3311">
     <span class='ocr_line' id='line_1_34' title="bbox 476 3252 690 3311; baseline -0.009 0"><span class='ocrx_word' id='word_1_263' title='bbox 476 3253 524 3311; x_wconf 88' lang='lat' dir='ltr'><strong>De</strong></span> <span class='ocrx_word' id='word_1_264' title='bbox 545 3252 690 3311; x_wconf 78' lang='lat' dir='ltr'><strong>mandato.</strong></span> 
     </span>
    </p>
   </div>
   <div class='ocr_carea' id='block_1_7' title="bbox 80 3350 1161 3614">
    <p class='ocr_par' dir='ltr' id='par_1_8' title="bbox 80 3350 1161 3614">
     <span class='ocr_line' id='line_1_35' title="bbox 171 3350 1089 3435; baseline -0.007 -16"><span class='ocrx_word' id='word_1_265' title='bbox 171 3355 245 3419; x_wconf 85' lang='lat'>130.</span> <span class='ocrx_word' id='word_1_266' title='bbox 269 3352 388 3430; x_wconf 80' lang='lat' dir='ltr'><strong>Gai.3‚</strong></span> <span class='ocrx_word' id='word_1_267' title='bbox 409 3354 480 3418; x_wconf 82' lang='lat'>156.</span> <span class='ocrx_word' id='word_1_268' title='bbox 587 3355 614 3418; x_wconf 90' lang='lat' dir='ltr'><strong>si</strong></span> <span class='ocrx_word' id='word_1_269' title='bbox 638 3358 694 3416; x_wconf 90' lang='lat' dir='ltr'><strong>tua</strong></span> <span class='ocrx_word' id='word_1_270' title='bbox 718 3351 825 3435; x_wconf 85' lang='lat' dir='ltr'><strong>gratia</strong></span> <span class='ocrx_word' id='word_1_271' title='bbox 847 3350 908 3414; x_wconf 89' lang='lat' dir='ltr'><strong>tibi</strong></span> <span class='ocrx_word' id='word_1_272' title='bbox 931 3351 1089 3433; x_wconf 91' lang='lat' dir='ltr'><strong>mandem,</strong></span> 
     </span>
     <span class='ocr_line' id='line_1_36' title="bbox 80 3439 1090 3528; baseline -0.007 -19"><span class='ocrx_word' id='word_1_273' title='bbox 80 3464 313 3528; x_wconf 83' lang='lat' dir='ltr'><strong>supervacuum</strong></span> <span class='ocrx_word' id='word_1_274' title='bbox 337 3446 388 3506; x_wconf 88' lang='lat' dir='ltr'><strong>est</strong></span> <span class='ocrx_word' id='word_1_275' title='bbox 409 3441 596 3506; x_wconf 89' lang='lat' dir='ltr'><strong>mandatum</strong></span> <span class='ocrx_word' id='word_1_276' title='bbox 694 3441 804 3525; x_wconf 88' lang='lat' dir='ltr'><strong>itaque</strong></span> <span class='ocrx_word' id='word_1_277' title='bbox 827 3440 854 3504; x_wconf 89' lang='lat' dir='ltr'><strong>si</strong></span> <span class='ocrx_word' id='word_1_278' title='bbox 878 3439 1018 3504; x_wconf 91' lang='lat' dir='ltr'><strong>otiosum</strong></span> <span class='ocrx_word' id='word_1_279' title='bbox 1037 3461 1090 3522; x_wconf 93' lang='lat' dir='ltr'><strong>pe·</strong></span> 
     </span>
     <span class='ocr_line' id='line_1_37' title="bbox 81 3529 1161 3614; baseline -0.004 -17"><span class='ocrx_word' id='word_1_280' title='bbox 81 3533 211 3597; x_wconf 89' lang='lat' dir='ltr'><strong>cuniam</strong></span> <span class='ocrx_word' id='word_1_281' title='bbox 240 3529 328 3596; x_wconf 92' lang='lat' dir='ltr'><strong>domi</strong></span> <span class='ocrx_word' id='word_1_282' title='bbox 355 3534 386 3595; x_wconf 88' lang='lat' dir='ltr'><strong>te</strong></span> <span class='ocrx_word' id='word_1_283' title='bbox 413 3530 588 3597; x_wconf 85' lang='lat' dir='ltr'><strong>habentem</strong></span> <span class='ocrx_word' id='word_1_284' title='bbox 616 3531 771 3598; x_wconf 86' lang='lat' dir='ltr'><strong>hortatus</strong></span> <span class='ocrx_word' id='word_1_285' title='bbox 795 3529 937 3614; x_wconf 77' lang='lat' dir='ltr'><strong>luerim,</strong></span> <span class='ocrx_word' id='word_1_286' title='bbox 961 3532 1007 3592; x_wconf 67' lang='lat' dir='ltr'><strong>ut</strong></span> <span class='ocrx_word' id='word_1_287' title='bbox 1026 3548 1107 3590; x_wconf 73' lang='lat' dir='ltr'><strong>eam</strong></span> <span class='ocrx_word' id='word_1_288' title='bbox 1158 3588 1161 3593; x_wconf 81' lang='lat'><em>.</em></span> 
     </span>
    </p>
   </div>
   <div class='ocr_carea' id='block_1_8' title="bbox 0 0 1216 3840">
    <p class='ocr_par' dir='ltr' id='par_1_9' title="bbox 0 0 1216 3840">
     <span class='ocr_line' id='line_1_38' title="bbox 0 0 1216 3840; baseline 0 0"><span class='ocrx_word' id='word_1_289' title='bbox 0 0 1216 3840; x_wconf 95' lang='lat' dir='ltr'><strong> </strong></span> 
     </span>
    </p>
   </div>
  </div>
 </body>
</html>
