2422 3840
206 190 216 199 .
279 154 303 203 7.
327 146 358 212 Q.
378 145 511 202 MUCIUS
530 147 562 203 P.
577 147 607 202 P.
622 147 651 202 P.
665 147 699 202 N.
715 145 904 202 SOAEVOLA
1052 147 1096 212 67

175 315 260 387 Quod
279 315 315 376 de
334 315 493 392 Pomponii
511 315 646 375 oratione
665 315 787 392 obliqua
806 315 876 387 dixi,
895 315 976 375 idem
993 319 1096 376 tenen·

79 407 155 473 dum
173 409 222 464 est
239 406 271 464 in
283 403 424 482 Ulpiano.
455 403 548 463 Lenel
566 404 598 463 in
611 404 704 463 Mucii
721 404 898 480 fragmentis
917 405 1094 482 colligendis

78 495 174 555 etiam
197 512 235 553 ex
258 492 380 570 Ulpiani
401 493 487 553 libris
510 493 548 552 ad
568 491 712 552 Sabinum
735 493 939 568 fragmentum
963 486 1004 552 db
1027 494 1094 554 ideo

78 583 210 658 recepit,
237 577 329 660 ‘qnod
356 582 492 643 oratione
519 581 643 658 obliqua
665 581 812 656 Ulpianus
838 574 959 660 utitur',
985 583 1016 641 in
1039 581 1093 640 Ul-

78 672 165 748 piani
191 671 370 749 fragmentis
397 669 585 731 recensendis
613 670 650 730 ad
677 670 756 728 idem
782 672 983 747 fragmentum
1007 673 1092 733 2606

80 755 138 839 (ἕὲ
160 764 189 820 9.
211 753 268 840 10)
292 760 328 819 de
351 759 449 819 Mucio
472 762 561 819 tacet.

171 847 401 910 Observationes
424 849 516 908 verbe
540 840 665 906 ‘autem'
690 847 821 906 adnexae
842 847 994 908 interdum
1012 853 1093 909 certe

79 937 252 1017 significare
279 944 418 1013 possunt,
445 955 481 996 ea
508 954 584 1013 quae
611 936 795 1012 praecedunt
820 937 922 996 Mucii*
935 955 1012 1014 esse,
1041 939 1094 998 sed

78 1028 129 1086 vel
154 1027 187 1085 in
209 1027 267 1086 hac
289 1045 322 1085 re
345 1026 484 1086 cautione
508 1044 582 1101 epus
607 1030 659 1084 est.
704 1025 798 1085 Lcnel
820 1025 856 1085 D.
877 1027 927 1103 28,
947 1028 976 1104 3,
998 1029 1092 1102 16pr.

78 1115 181 1175 Mucio
199 1116 255 1174 hac
273 1134 309 1175 ex
328 1133 418 1174 causa
437 1113 578 1174 attribuit
591 1105 674 1194 (12),
693 1115 774 1191 quod
788 1114 969 1190 Pomponius
989 1116 1093 1175 scribit

80 1198 225 1263 ‘multum
253 1208 354 1263 antem
368 1197 531 1279 interest‘3
558 1203 590 1261 in
612 1201 771 1278 Pomponii
793 1204 970 1278 fragmentis
993 1223 1093 1264 recen·

80 1293 181 1352 tendis
210 1291 307 1352 eidem
335 1293 504 1370 fragmento
532 1284 627 1372 (233)
653 1292 769 1350 nnllam
798 1293 833 1350 de
861 1293 962 1353 Mucio
989 1299 1093 1352 notam

79 1385 163 1442 recte
187 1381 280 1440 addit

170 1469 391 1546 Nonnunquam
410 1468 559 1529 incertum
578 1477 633 1545 est,
651 1472 755 1528 utrum
771 1469 928 1546 Pomponii
946 1489 985 1530 an
998 1470 1091 1530 Mucii

80 1559 153 1631 sint,
187 1577 265 1635 quae
296 1558 328 1618 in
361 1557 517 1634 Pomponii
548 1559 585 1616 ad
613 1557 647 1628 Q.
670 1557 803 1617 Mucium
836 1559 919 1619 libris
951 1559 1090 1639 legimus.

80 1647 246 1708 cavendnm
278 1653 337 1722 cst,
368 1666 405 1706 ne
433 1647 532 1706 Mucio
559 1666 595 1706 ea
621 1647 803 1724 tribuamus,
837 1667 913 1725 quae
941 1645 1090 1709 inferioris

80 1735 201 1796 demum
219 1735 329 1795 aetatis
347 1736 422 1795 iuris
440 1736 570 1795 consulti
588 1739 769 1795 statuerunt.
806 1737 890 1796 velut
908 1737 944 1797 A.
959 1739 1090 1811 Pernice,

78 1823 273 1885 cautissimus
291 1823 414 1903 alioqui,
432 1843 498 1884 meo
517 1824 636 1900 quidem
656 1824 766 1883 iudicio
785 1825 883 1884 Mucio
902 1827 982 1886 iuste
1000 1828 1095 1902 plura

78 1912 230 1988 attribuit,
253 1932 322 1972 cum
339 1913 479 1973 Muciana
500 1931 714 1988 nonnunquam
738 1914 818 1971 dicat
836 1933 913 1989 qnae
932 1915 1090 1990 Pomponii

78 2020 142 2062 esse
165 2002 275 2062 indico.
316 2001 452 2079 exempla
474 2003 567 2060 babes
585 2001 685 2060 Labeo
703 2000 726 2070 Ι,
743 2003 806 2059 324
826 2021 854 2059 n.
871 2004 889 2060 3
913 2009 943 2060 et
960 2003 1088 2079 11‚260.

78 2090 215 2151 eiusdem
242 2091 304 2150 fere
332 2091 538 2166 auctoritatis,
564 2108 625 2166 qua
648 2090 765 2148 Mucius
793 2089 865 2148 olim
891 2091 1005 2164 floruit,
1034 2092 1092 2150 sub

78 2181 183 2256 primis
209 2179 395 2256 principibus
422 2179 573 2239 Masurius
597 2178 726 2238 Sabinus
753 2179 874 2238 videtur
901 2180 1005 2252 fnisse,
1035 2179 1087 2255 qui

78 2287 120 2345 ea,
143 2285 224 2345 qnae
247 2267 364 2327 Mucius
387 2286 547 2346 aggressus
571 2272 645 2337 erat,
666 2271 844 2343 prosecutus
868 2273 921 2326 est.
968 2268 999 2326 in
1022 2268 1087 2344 qui·

77 2357 206 2416 busdam
232 2356 409 2433 fragmentis
436 2358 485 2417 vel
513 2357 609 2415 futuri
636 2357 779 2431 temporis
807 2374 880 2416 usus
906 2376 964 2416 non
987 2357 1090 2434 Mucii,

79 2446 126 2504 sed
153 2445 312 2521 Pomponii
339 2444 519 2505 sententiam
541 2463 605 2504 esse
630 2445 831 2504 demonstrare
854 2446 986 2505 videtur:
1015 2446 1089 2504 falia
1175 2497 1178 2505 .

78 2534 251 2611 fragmenta
277 2537 348 2592 sunt
375 2533 410 2592 D.
436 2535 653 2609 28,3,16pr.
682 2527 844 2614 (superins
873 2537 1087 2594 testamentum

79 2625 136 2681 erit
159 2614 313 2702 ruptum')
337 2626 369 2681 et
392 2624 420 2699 8,
436 2623 465 2699 2,
480 2624 520 2682 29
545 2614 731 2702 (uitandum
754 2616 836 2701 est’).

167 2708 251 2782 Quae
287 2709 469 2786 Pomponius
501 2711 633 2770 Mucium
671 2711 822 2786 scripsisse
855 2712 1016 2786 retulerat,
1053 2730 1089 2771 ea

77 2799 279 2861 Tribonianus
301 2799 346 2858 ita
368 2800 506 2872 mutavit,
530 2801 616 2876 quasi
636 2800 816 2876 Pomponius
835 2800 969 2860 Mucium
987 2801 1088 2876 ipsum
1170 2854 1172 2858 Α

76 2889 251 2965 loquentem
281 2888 496 2972 introduxisset
523 2891 647 2964 eiusque
675 2891 772 2947 verbis
800 2895 887 2948 notas
914 2889 1085 2948 addidisset.

76 2976 157 3053 quod
180 2976 217 3035 D.
237 2978 267 3052 3,
283 2978 334 3048 19,
350 2981 377 3052 1,
392 2979 436 3036 40
458 2983 560 3053 aperte
584 2978 682 3054 docet,
704 2978 757 3036 ubi
781 2978 853 3037 haec
876 2979 982 3056 legunt
1022 3027 1026 3035 .

167 3058 361 3140 ‘Pomponius
375 3065 451 3125 libro
465 3065 620 3143 trigesimo
634 3068 730 3142 primo
741 3067 778 3124 ad
789 3065 934 3135 Quintum
944 3067 1087 3125 Mucium.

77 3152 209 3223 Quintus
228 3153 344 3213 Mucius
368 3154 484 3214 scribit:
509 3155 646 3212 dominns
666 3155 751 3212 fundi
771 3157 806 3213 de
825 3156 946 3230 praedio
965 3154 1087 3213 arbores

76 3248 192 3303 stantes
219 3242 393 3302 vendiderat
421 3248 452 3301 et
479 3262 532 3318 pre
556 3243 602 3301 bis
624 3242 714 3301 rebus
737 3246 893 3318 pecuniam
918 3243 1034 3318 accepit
1058 3247 1088 3301 et

76 3333 196 3390 tradere
210 3331 343 3391 nolebat:
362 3335 480 3408 emptor
493 3331 664 3406 quaerebat,
681 3331 752 3406 quid
768 3351 799 3390 se
816 3333 910 3391 facere
926 3335 1087 3406 oporteret,

75 3423 106 3478 et
129 3420 306 3496 verebatur,
332 3439 370 3478 ne
392 3422 448 3479 hae
472 3421 593 3480 arbores
616 3421 680 3478 eins
702 3438 762 3479 non
784 3420 958 3479 viderentur
981 3420 1093 3478 factae.

77 3506 273 3585 Pomponius:
301 3509 441 3569 arborum
468 3528 545 3588 quae
573 3509 606 3571 in
629 3509 727 3574 fundo
751 3503 956 3574 continentur'
988 3511 1025 3568 et
1042 3527 1076 3582 n,
1090 3522 1121 3561 s-

864 3611 905 3642 Η
