2422 3840
378 127 404 176 2.
429 123 464 176 11.
482 120 636 176 TULLIUS
656 119 787 175 CICERO
1028 120 1090 182 129

77 308 132 368 qne
156 289 276 364 Celsus,
304 291 500 368 Pomponiae,
524 290 736 366 Tryphoninus
761 293 792 349 61
815 290 961 365 Ulpianus
986 289 1089 348 lauda·

76 383 193 454 verunt,
216 378 262 439 ita
283 384 319 439 nt
341 380 390 439 vel
412 380 444 438 in
462 379 624 438 Iustiniani
642 378 775 454 Digestis
800 379 928 438 oratoris
947 378 1092 437 memoria

78 471 223 528 servetur.
271 469 440 546 fragmenta
462 467 518 528 hoc
541 467 605 527 loco
629 469 773 527 collocare
796 469 893 527 visum
918 471 971 526 est.

169 563 196 616 1.
221 555 326 616 Celsus
344 558 422 618 libro
439 557 601 617 vicensimo
616 557 720 633 quinto
736 556 928 634 Digestorum
944 548 991 634 (P.
1003 549 1090 636 208).

78 645 111 705 D.
132 648 189 723 50,
211 648 265 719 16,
286 648 336 706 96.
390 646 475 705 Litus
505 648 552 704 est
579 664 733 722 quousque
762 646 908 703 maximus
936 645 1045 703 fluctus
1073 664 1092 702 a

79 735 153 793 mari
178 734 319 811 pervenit
340 735 429 812 idque
455 735 572 794 Marcus
595 733 712 793 Tullios
735 729 878 810 <Gallum
902 729 1090 810 Aquillium>

77 819 207 900 ai[un]t‚
231 843 300 883 cum
322 823 435 883 arbiter
458 826 550 894 66661,
573 823 702 899 primum
727 823 926 882 constituisse.

167 915 197 970 2.
233 912 415 989 Pomponius
447 912 524 971 libro
557 912 704 988 singulari
737 911 893 970 enchiridii
926 902 972 991 (P.
1004 903 1090 990 178).

80 1000 112 1058 D.
134 1002 162 1076 1,
182 1004 211 1072 2,
226 1002 275 1060 46.
324 1004 422 1060 exstat
446 1001 509 1060 eius
533 991 712 1081 (Ciceronis)
737 1000 832 1059 oratio
856 1000 929 1058 satis
953 999 1088 1074 pulcher-

79 1089 166 1161 rima,
192 1108 269 1166 quae
292 1090 468 1149 inscribitur
490 1108 545 1164 pro
569 1088 679 1157 Quinto
703 1089 833 1167 Ligario.

169 1179 196 1239 3.
227 1178 438 1254 Tryphoninus
460 1179 537 1236 libro
561 1177 674 1236 decimo
693 1178 940 1253 Disputationum
961 1171 1008 1256 (P.
1023 1170 1090 1257 40).

79 1266 113 1324 D.
134 1269 188 1343 48,
209 1270 259 1343 19,
279 1270 330 1329 39.
377 1266 479 1326 Cicero
507 1267 538 1325 in
567 1266 699 1325 oratione
727 1285 782 1343 pro
811 1265 949 1325 Cluentio
978 1265 1090 1324 Habito

80 1355 198 1431 scripsit
219 1356 367 1415 Milesiam
392 1357 542 1432 quandem
565 1355 735 1431 mulierem,
762 1374 830 1413 cum
852 1358 932 1414 esset
954 1354 985 1412 in
1007 1353 1090 1431 Asia,

81 1445 157 1519 quod
185 1444 224 1503 ab
249 1445 410 1505 heredibus
434 1444 570 1504 secundis
594 1449 716 1520 accepta
739 1443 867 1519 pecnnia
890 1448 1010 1518 partum
1034 1443 1090 1502 sibi

81 1533 304 1593 medicamentis
327 1534 393 1610 ipsa
416 1534 574 1610 abegisset,
597 1533 642 1590 rei
665 1533 803 1609 capitalis
827 1551 890 1592 esse
910 1532 1090 1590 damnatam.

166 1624 196 1683 4.
226 1621 373 1698 Ulpianus
399 1623 476 1681 libro
505 1621 772 1698 quinquagensimo
796 1641 873 1680 nono
898 1622 936 1679 ad
960 1621 1089 1680 edictum

81 1702 125 1790 (P.
138 1702 246 1790 1390).
279 1711 312 1770 D.
325 1713 376 1786 42,
388 1714 417 1787 4,
429 1715 458 1786 7,
468 1714 497 1769 4.
529 1709 607 1778 Quid
621 1710 662 1769 sit
675 1713 775 1768 autom
790 1711 912 1768 latitare
927 1710 1089 1768 videamus.

82 1798 199 1858 latitare
220 1803 352 1874 estnon,
370 1807 406 1858 nt
420 1798 522 1859 Uicero
543 1798 655 1871 definit,
674 1800 772 1873 turpis
791 1799 951 1857 occultatio
967 1799 1013 1856 sui

167 1887 278 1947 Utrum
314 1908 390 1964 quae
423 1888 571 1964 Ulpianus
607 1887 714 1959 tradit,
752 1887 784 1944 in
822 1887 975 1961 deperdito
1013 1888 1090 1946 libro

82 1977 224 2052 scriptum
248 1995 286 2034 en
308 1978 340 2035 in
363 1978 464 2052 aliqua
488 1976 620 2035 oratione
645 1975 757 2034 dictum
783 1976 834 2050 sit,
858 1975 1013 2032 nescimus.

168 2154 296 2231 Scripsit
317 2155 385 2212 inde
405 2173 441 2213 ex
459 2173 536 2213 anno
557 2155 682 2232 700s54
703 2153 737 2210 de
757 2151 936 2228 republica,
960 2169 995 2208 ex
1013 2170 1089 2210 anno

84 2244 204 2321 leesor
235 2241 271 2301 de
298 2243 417 2320 legibus
444 2243 550 2319 libros,
580 2246 648 2317 post
677 2261 702 2300 a.
728 2234 852 2301 703l51
882 2240 918 2298 de
948 2240 1090 2317 auguriis,

85 2326 206 2410 710s44
227 2332 338 2408 Topica
360 2335 391 2390 61
414 2332 526 2391 incerto
550 2335 684 2407 tempore
705 2331 742 2388 de
760 2331 826 2388 iure
845 2328 927 2388 civili
945 2329 977 2385 in
995 2335 1090 2386 artem

83 2420 242 2499 redigendo
266 2421 386 2480 librum.

167 2509 328 2568 Librorum
347 2527 407 2585 sex,
427 2528 500 2586 quos
520 2508 555 2568 de
574 2508 728 2584 republica
742 2506 918 2583 composuit,
936 2506 985 2566 vix
1000 2506 1091 2564 tertia

83 2616 146 2672 pars
170 2598 258 2658 nobis
281 2600 400 2658 servata
423 2601 476 2656 est.
522 2599 592 2656 libri
615 2616 710 2672 neque
735 2597 770 2654 de
793 2597 912 2671 legibus
934 2614 1030 2672 neque
1055 2594 1090 2652 de

82 2686 142 2746 inre
171 2686 254 2746 civili
281 2687 314 2744 in
341 2690 437 2746 artem
465 2687 625 2764 redigendo
654 2689 690 2744 ab
719 2686 784 2760 ipso
812 2688 935 2744 anctore
959 2683 1091 2742 absoluti

82 2781 157 2836 sunt.
194 2775 342 2835 librorum
365 2775 417 2852 qui
440 2776 567 2834 fortasse
592 2794 644 2834 sex
668 2779 753 2832 erent
776 2774 812 2832 de
835 2775 952 2851 legibus
975 2772 1090 2848 primus

82 2868 123 2922 est
152 2865 189 2923 (16
218 2864 284 2922 iure
306 2868 447 2938 naturae,
478 2866 624 2923 secundus
647 2863 683 2920 de
706 2862 823 2940 legibus
847 2860 976 2920 ferendis
1000 2863 1031 2919 et
1054 2860 1089 2917 de

81 2953 141 3013 iure
172 2971 270 3024 sacro,
298 2952 406 3011 tertius
435 2954 470 3011 de
494 2952 732 3032 magist-ratibus,
763 2954 887 3027 quartus
911 2950 947 3008 de
971 2949 1090 3007 iudiciis

82 3041 262 3117 disputabat.
318 3041 397 3118 quod
429 3042 468 3100 ad
499 3042 609 3100 librum
644 3039 680 3099 de
710 3041 776 3098 iure
810 3039 889 3099 civili
927 3039 958 3096 in
995 3040 1092 3095 artem

82 3129 253 3209 redigendo,
272 3129 374 3189 Oicero
389 3130 420 3188 id
435 3130 491 3188 sibi
505 3131 670 3206 proposuit,
688 3128 767 3204 quod
782 3127 889 3186 Crasso
903 3125 1091 3202 propositum

83 3218 171 3278 luisse
201 3219 236 3278 de
265 3221 339 3277 orat.
361 3221 467 3293 2,142
491 3221 608 3278 narrat:
639 3211 682 3275 ‘se
705 3218 753 3274 ius
777 3217 876 3286 civile,
906 3213 985 3289 quod
1013 3230 1091 3271 nunc

83 3307 223 3367 diffusum
252 3310 283 3366 61
310 3306 487 3383 dissipatum
516 3311 575 3382 est,
603 3308 634 3364 in
662 3308 744 3363 certa
766 3322 877 3381 genera
918 3303 1092 3360 coacturum

83 3399 110 3454 et
138 3396 175 3454 ad
210 3399 305 3455 artem
333 3396 451 3455 facilem
479 3387 696 3455 redacturum'.
745 3393 781 3451 cf.
811 3389 1090 3450 Teuffel-Schwabe

84 3481 311 3561 §§184,1.2,
338 3487 398 3545 185
424 3489 454 3544 61
478 3504 568 3561 supra
592 3505 620 3560 p.
634 3484 687 3542 47.

135 3594 231 3640 Inrispr.
245 3593 361 3634 enlohedr.
376 3595 422 3634 rell
439 3595 473 3635 ed.
487 3594 588 3637 Bremer.
818 3589 821 3594 ’
867 3586 887 3635 U
