2422 3840
313 188 339 238 8.
365 182 516 238 SERVIUS
537 182 720 239 SULPICIUS
739 183 857 239 RUFUS
1027 184 1086 247 151

174 349 268 411 Servii
300 351 511 412 auctoritatem
539 369 596 410 non
625 352 711 411 modo
742 353 822 427 apud
850 353 1004 429 aequales,
1037 353 1088 413 sed

105 438 176 496 stiam
197 440 278 516 apud
299 445 433 515 posteros
452 441 589 499 eximiam
609 440 701 498 fuisse
721 441 808 498 facile
828 444 959 516 apparet
997 441 1087 501 aPe·

102 527 181 587 tenio
205 522 245 604 (a.
266 529 306 588 66
330 549 358 604 p.
374 527 441 587 Chr.
466 519 599 607 mortuo)
623 548 690 587 oum
714 529 850 588 Labeone
872 529 917 587 ita
938 529 1089 607 laudatur,

98 618 303 693 sistrumque
325 617 490 693 prinoipem
512 617 587 676 iuris
610 619 779 676 consultum
798 617 902 676 haberi
920 619 1087 678 rideamus:

95 708 140 764 sat.
159 707 236 782 137,
261 708 279 762 7
313 699 404 764 ‘iuris
431 706 585 765 consultus
612 709 732 780 »paret,
759 725 818 765 non
844 709 951 782 paret<
979 707 1088 766 habeto

92 796 174 870 atque
205 797 271 852 esto
300 794 443 870 quidquid
474 793 594 853 Servius
624 799 654 852 et
682 788 801 854 Labeo'.
856 796 917 854 iam
943 794 1089 856 Proculus

90 882 118 941 D.
132 883 183 955 41,
200 886 229 959 1,
245 883 286 941 26
297 902 340 958 pr.
362 881 484 959 indicat,
506 884 562 941 hoc
584 884 648 940 iure
672 884 750 941 cives
774 883 805 941 in
828 882 956 959 quadam
978 904 1011 943 re
1034 885 1088 961 uti,

86 971 160 1047 quod
177 969 282 1030 Servio
301 971 461 1047 placuerit3
484 970 525 1029 Pii
541 975 673 1046 tempore
688 971 847 1031 Africanus
861 973 1089 1049 D.19‚2,35pr.

85 1058 306 1125 distinctionem
328 1060 479 1136 quandam
501 1078 519 1118 8
542 1058 645 1119 Servio
671 1060 872 1119 introductam
895 1061 932 1119 ab
952 1063 1088 1121 omnibus

82 1148 142 1206 fere
167 1148 326 1223 probatam
350 1167 426 1223 ease,
455 1147 546 1207 Gaius
569 1147 624 1225 III,
647 1150 706 1207 149
732 1147 828 1209 Servii
851 1150 1028 1209 sententiam
1051 1150 1087 1208 de

83 1236 235 1295 societatis
253 1243 364 1294 natura
386 1243 490 1296 eontra
509 1237 541 1307 Q.
555 1237 655 1314 Mucii,
679 1235 822 1297 Scaevola
840 1237 874 1297 D.
892 1239 942 1310 21,
959 1243 987 1314 2,
1002 1241 1052 1315 69,
1068 1241 1086 1299 3

81 1324 213 1384 eiusdem
243 1325 339 1385 Servii
372 1326 581 1384 auctoritatem
612 1326 644 1383 iu
672 1326 845 1402 quaestione
873 1327 910 1384 de
938 1328 1088 1402 emptione

80 1413 262 1490 venditione,
281 1413 428 1490 Ulpianus
445 1414 571 1492 denique
589 1413 624 1473 D.
636 1416 665 1491 8,
676 1417 704 1491 5,
716 1416 774 1488 6,2
795 1414 891 1474 Servii
910 1417 1088 1475 sententiam

78 1503 110 1561 in
135 1502 312 1579 quaestione
336 1503 372 1561 de
396 1505 539 1562 servitute
563 1503 764 1578 praevaluisse
787 1504 918 1562 tradunt.

170 1589 270 1650 Servii
302 1591 457 1650 sententiis
490 1592 581 1649 etiam
618 1591 655 1650 ad
687 1593 798 1651 similes
830 1611 878 1651 res
911 1592 1088 1653 decidendas

77 1679 263 1755 posteriores
294 1699 348 1755 pro
379 1682 554 1755 argumento
585 1698 655 1740 usos
689 1699 753 1739 esse
785 1681 924 1757 legimus3
958 1701 1027 1740 nam
1057 1681 1088 1741 et

77 1768 241 1826 Afiicanus
260 1768 297 1827 D.
314 1771 362 1846 19,
378 1771 407 1835 2,
423 1771 463 1829 35
474 1789 518 1843 pr.
537 1768 757 1827 distinctionem
775 1787 883 1826 novam
900 1774 953 1828 hac
971 1772 1088 1830 ratione

77 1857 279 1929 commendat,
302 1856 381 1933 quod
404 1851 556 1916 ‘convenit
577 1857 631 1932 illi,
654 1875 730 1933 quae
753 1877 772 1915 8
791 1857 892 1916 Servio
916 1858 1088 1917 introducta

79 1949 110 2004 et
129 1946 168 2004 ab
188 1945 326 2004 omnibus
344 1949 406 2004 fere
424 1946 551 2021 probata
566 1939 632 2018 est’,
652 1947 682 2003 et
695 1945 877 2019 Papinianus
893 1946 928 2002 D.
943 1948 994 2024 28,
1006 1949 1034 2023 7,
1045 1949 1086 2007 28

78 2034 200 2092 scribit:
237 2027 484 2112 ‘argumentoque
513 2038 558 2093 est
590 2033 669 2110 quod
697 2033 776 2108 apud
805 2032 943 2092 Servium
971 2053 1086 2110 quoque

78 2121 210 2181 relatum
233 2125 330 2182 est..
355 2123 390 2180 de
414 2141 474 2198 quo
497 2121 650 2198 respondit
673 2121 794 2181 Servius
819 2115 881 2180 ...'

169 2210 213 2268 At
231 2229 290 2270 non
308 2229 409 2270 omnes
424 2211 520 2269 Servii
539 2211 701 2269 sententias
719 2212 855 2285 receptas
875 2229 940 2268 esse
960 2214 1086 2271 constat.

79 2299 160 2374 apud
185 2299 383 2375 Pomponium
406 2299 441 2358 D.
456 2301 507 2375 47,
524 2301 551 2374 2,
577 2302 659 2370 77,1
685 2299 826 2375 legimus:
850 2292 935 2357 ‘haee
959 2297 1087 2368 Quintus

79 2387 199 2446 Mucius
222 2388 315 2446 refert
337 2390 368 2446 et
390 2407 461 2447 vera
484 2391 556 2447 sunt
574 2435 597 2446 ..
617 2406 671 2446 neo
690 2388 805 2446 utimur
824 2387 918 2445 Servii
939 2389 1088 2447 sententia

80 2476 132 2553 qui
154 2476 286 2551 putabat
304 2469 350 2552 ..'‚
377 2476 449 2535 item
473 2476 553 2552 apud
572 2474 679 2534 Gaium
698 2476 752 2547 ΙΠ,
774 2477 850 2536 156;
880 2470 1014 2537 ‘Servius
1037 2497 1088 2537 ne-

78 2564 173 2642 gavit,
194 2609 218 2622 ..
237 2565 289 2623 sed
307 2565 458 2641 sequimur
474 2564 577 2624 Sabini
595 2565 763 2640 opinionem
782 2569 887 2624 eontra
905 2560 1087 2642 sentientis'3

81 2655 144 2713 179
168 2647 304 2712 ‘Servius
324 2652 476 2728 Sulpioius
499 2653 681 2711 existimavit
700 2700 706 2711 .
722 2655 800 2728 ..qui
823 2657 1039 2730 consequenter
1058 2665 1088 2714 et

78 2740 155 2800 illud
183 2741 338 2816 respondit
367 2784 441 2818 ...,
473 2737 574 2820 <sed>
605 2742 637 2799 in
669 2745 798 2819 utroque
831 2760 902 2800 easu
935 2742 993 2802 alio
1021 2745 1086 2803 iure

78 2822 214 2889 utimur’.

167 2919 289 2977 Falsum
314 2917 411 2977 Servii
436 2919 614 2977 sententiam
640 2918 754 2977 iudioat
777 2918 880 2977 Celsus
905 2911 953 2997 (D.
975 2923 1024 2992 30,
1046 2924 1085 2981 63

79 3001 214 3067 ‘Servius
238 3052 267 3066 ..
290 3009 382 3083 negat
405 3050 446 3083 ..,
475 3007 555 3083 quod
581 3007 691 3067 falsum
718 3001 840 3085 puto');
873 3007 984 3067 Paulus
1011 3009 1087 3067 iuris

79 3097 210 3155 consulti
244 3095 414 3170 cuiusdam,
445 3096 498 3171 qui
530 3095 611 3153 aliud
639 3099 729 3171 atque
758 3095 879 3154 Servius
912 3115 1087 3170 responsum

79 3184 212 3261 dederat,
237 3184 335 3243 verius
358 3201 533 3258 responsum
552 3201 615 3243 esse
634 3184 749 3242 iudioat
767 3178 816 3259 (D.
838 3186 887 3257 33,
904 3186 932 3257 7,
954 3186 1037 3258 16,1
1059 3231 1087 3243 ..

79 3267 214 3334 ‘Servius
232 3271 396 3348 respoudit.
428 3273 477 3348 qui
498 3292 566 3331 eum
581 3271 763 3347 consulebat,
781 3270 953 3330 Cornelium
966 3290 1086 3346 respon·

79 3363 157 3420 disse
190 3360 292 3421 aiebat
408 3360 488 3437 quod
520 3360 619 3420 verius
652 3353 743 3435 est');
780 3358 928 3433 Ulpianus
961 3361 1087 3436 denique

79 3443 288 3528 ‘nequaquam
317 3442 514 3524 opinandum'
548 3467 613 3508 esse
643 3448 759 3524 scribit,
793 3449 870 3524 quod
900 3446 1021 3508 Servius
1050 3449 1086 3508 de

77 3540 277 3614 possessionis
301 3537 507 3597 aestimatione
531 3537 607 3598 dixit
631 3530 682 3618 (D.
703 3535 968 3618 48188888.
