2422 3840
103 156 170 220 414
202 155 275 212 VllI.
291 155 425 212 OCTAVI
438 154 538 210 SAEC.
547 154 644 211 IURIS
659 155 831 211 consum.
842 155 967 211 sumus
981 155 1114 212 TERTIA

104 319 189 385 dotis
212 318 379 403 persoluta
401 298 706 402 pater'deeesserac
746 319 904 403 reliquam
927 322 1064 405 partem,
1088 322 1117 385 si

104 429 163 474 uec
178 407 326 493 delegata
338 428 398 471 neo
411 407 572 492 promissa
587 406 740 488 [novandi
754 406 876 488 animo]
889 407 976 490 patri
990 409 1117 488 fuisset,

104 496 231 560 mulieri
255 495 340 561 solvi
363 495 476 560 debere
499 495 606 560 Labeo
631 495 805 561 Trebatius
827 500 953 578 putant.

291 678 339 736 Dc
360 679 511 737 damtione
532 680 607 737 inter
628 680 726 737 ciram
748 683 773 738 ct
794 695 921 767 camon.

191 789 243 852 27.
266 788 305 852 D.
319 788 372 870 41,
386 789 415 868 6,
429 789 460 854 3.
487 787 684 870 Pomponius
701 787 785 852 libro
799 788 979 871 vigensimo
995 793 1115 872 quarto

102 878 142 943 ad
166 876 323 953 Quintum
344 875 486 940 Mucium
510 875 560 962 (P.
578 876 668 960 290).
709 873 745 939 Si
772 877 822 941 vir
844 877 936 941 uxori
959 878 1010 942 vel
1032 900 1116 943 uxor

102 967 172 1031 viro
196 965 374 1044 donaverit,
397 965 426 1029 si
450 965 555 1029 aliena
578 986 630 1028 res
654 965 775 1029 donata
792 964 898 1047 fuerit,
921 966 1114 1030 ...Treba-

102 1055 167 1119 tius
191 1055 337 1138 putabat,
361 1053 403 1132 [si
425 1053 601 1137 pauperior
621 1053 649 1117 is
668 1054 724 1138 qui
741 1053 893 1118 donasset
910 1075 979 1118 non
996 1054 1114 1139 fieret]

102 1143 330 1226 usucapionem
355 1141 535 1225 possidenti
557 1143 737 1225 procedere.

521 1325 568 1384 Dc
590 1327 685 1384 tutela

189 1437 240 1501 28.
267 1433 307 1498 Ι).
325 1434 382 1517 26,
400 1434 435 1518 2,
453 1435 504 1499 33.
546 1433 718 1498 Iavolenus
745 1434 831 1498 libro
854 1437 969 1498 octavo
993 1455 1032 1498 ex
1054 1456 1112 1518 po-

101 1523 288 1588 sterioribus
320 1522 480 1587 Labeonis
513 1521 562 1609 (Ρ.
585 1520 675 1609 228).
724 1521 900 1588 Tutoribus
932 1523 980 1587 ita
1011 1523 1112 1588 datis:

98 1611 244 1676 ‘Lucium
277 1610 398 1675 Titium
430 1615 570 1676 tutorem
603 1611 658 1694 do,
695 1610 723 1675 si
754 1612 782 1675 is
814 1631 881 1674 non
913 1611 1007 1693 vivit,
1039 1617 1111 1676 tum

103 1699 217 1764 Gaium
236 1700 400 1764 Plautium
420 1703 562 1764 tutorem
581 1698 632 1764 do'
652 1698 758 1764 Titius
778 1700 903 1764 vixerat
921 1702 954 1763 et
971 1700 1110 1765 tutelam

99 1791 258 1873 gesserat,
290 1788 402 1853 deinde
434 1791 580 1853 mortuus
612 1792 690 1852 erat.
740 1787 911 1852 Trebatius
941 1793 1041 1873 negat
1068 1790 1110 1854 ad

99 1877 263 1942 Plautium
287 1877 446 1960 pertinere
470 1878 614 1942 tutelam.

341 2059 387 2118 Dc
409 2061 586 2132 adquirendo
608 2076 707 2117 rervm
730 2060 863 2118 domim.

187 2179 237 2243 29.
265 2178 305 2242 Ι).
324 2179 421 2262 41,1,
443 2179 491 2242 16.
527 2176 732 2242 Florentinus
756 2177 838 2241 libro
862 2180 953 2241 sexto
972 2176 1107 2242 Institu-

96 2266 221 2332 tionum
242 2264 290 2353 (Ρ.
306 2263 351 2352 9).
387 2265 427 2330 In
449 2266 537 2351 agris
560 2265 707 2330 limitans
731 2265 781 2329 ius
801 2265 972 2330 allucionis
997 2265 1106 2332 locum

96 2377 162 2420 non
185 2355 305 2419 habere
329 2359 470 2437 constat,
575 2359 607 2418 et
629 2353 799 2419 Trebatius
824 2354 871 2418 ait
893 2375 1022 2438 agrum,
1050 2356 1107 2439 qui

97 2443 246 2509 hostibus
275 2444 408 2508 devictis
436 2465 475 2507 ea
502 2442 689 2507 condicione
717 2463 888 2507 concessus
919 2443 975 2525 sit,
1004 2448 1043 2507 ut
1069 2445 1107 2508 in

99 2532 263 2596 civitatem
287 2531 421 2615 veniret,
444 2530 562 2595 babere
586 2531 781 2596 alluvionem
804 2552 906 2613 neque
927 2552 997 2596 esse
1022 2533 1106 2596 limi·

96 2623 214 2704 tatum3
244 2640 359 2703 agrum
387 2623 496 2684 autem
519 2641 619 2684 manu
641 2623 771 2704 captum
794 2620 970 2684 limitatum
994 2620 1106 2706 fuisse,

96 2713 133 2773 ut
160 2710 311 2790 sciretur,
339 2708 415 2791 quid
443 2709 557 2792 cuique
585 2708 696 2772 datum
724 2711 822 2787 esset,
849 2707 925 2791 quid
952 2709 1105 2792 venisset,

96 2796 171 2880 quid
194 2797 228 2859 in
251 2796 379 2879 publico
403 2797 549 2861 relictum
573 2799 667 2860 esset.

184 2885 236 2950 30.
268 2884 306 2949 D.
324 2886 381 2963 41,
403 2889 434 2969 1,
453 2884 487 2969 5,
508 2888 535 2949 1.
585 2883 685 2949 Gaius
715 2885 799 2949 libro
828 2885 967 2949 secundo
994 2906 1104 2950 rerum

95 2973 344 3038 cottidianarum
372 2974 440 3039 sive
463 2971 632 3038 aureorum
655 2969 707 3060 (P.
720 2971 823 3058 491⁰).
868 2972 953 3037 Illud
977 2975 1104 3057 quaesi·

94 3065 163 3127 tum
187 3067 245 3142 est,
269 3084 309 3126 an
328 3061 397 3126 fera
414 3062 527 3145 bestia,
551 3084 632 3146 quae
651 3063 699 3126 ita
717 3063 886 3126 vulnerata
906 3062 957 3146 sit,
974 3066 1012 3126 ut
1032 3063 1106 3147 cupi

94 3152 212 3234 possit,
235 3153 346 3216 statim
368 3156 483 3216 nostra
506 3172 576 3215 esse
599 3151 813 3234 intellegatur.
857 3150 1011 3215 Trebatio
1035 3153 1105 3235 pla·

94 3241 160 3303 cuit
188 3241 298 3304 statim
321 3243 465 3304 nostram
492 3261 560 3304 esse
583 3242 617 3304 et
639 3260 677 3303 eo
700 3260 800 3323 usquc
821 3242 969 3303 nostram
992 3241 1104 3325 videri,

94 3327 194 3394 donec
217 3350 288 3393 earn
311 3350 548 3413 persequamur,
571 3328 656 3412 quod
679 3328 707 3392 si
730 3327 917 3392 desierimus
941 3349 1013 3392 earn
1032 3350 1102 3413 per-

175 3417 181 3430 '
215 3417 358 3481 desinere
377 3421 524 3482 nostram
542 3438 612 3481 esse
631 3420 664 3481 et
682 3438 793 3481 rursus
812 3417 882 3480 fieri
901 3417 1102 3503 occupantis3

220 3506 250 3572 si
256 3507 260 3514 '
264 3528 328 3592 per
344 3505 408 3574 hoc
427 3509 565 3593 tempus,
586 3527 648 3592 quo
672 3527 743 3570 eam
762 3505 995 3592 persequimur,
1016 3505 1101 3571 alius
