2422 3840
137 177 201 241 366
232 177 304 234 VIII.
320 176 454 232 OCTAVI
468 175 673 233 sicamina
689 175 862 232 CONSULT.
872 175 995 232 sutelas
1009 175 1149 232 TERTIA

138 365 156 404 a
179 365 239 423 reo,
263 346 316 405 sed
337 346 382 405 ita
403 346 551 406 formulae
573 345 725 418 inseritur,
748 349 784 404 ut
804 344 1036 404 condicionalem
1054 346 1151 406 faciat

138 434 427 511 condemnationem,
458 433 490 493 id
523 437 570 493 est
597 453 634 493 ne
663 435 752 494 aliter
778 433 866 492 iudex
894 453 964 492 eum
990 451 1059 492 cum
1086 454 1148 511 quo

138 524 239 599 agitur
261 523 452 600 condemnat,
475 542 565 598 quam
588 524 614 581 si
635 523 712 581 nihil
735 523 766 580 in
789 541 825 581 ea
846 540 879 581 re
903 540 964 597 qua
987 523 1022 581 da
1046 524 1150 600 agitur

138 612 205 671 dolo
234 611 344 671 actoris
371 613 486 671 lactum
514 611 566 688 sit3
593 611 668 670 item
694 631 731 670 ne
759 611 848 670 aliter
873 610 962 670 iudex
985 630 1052 669 aum
1076 630 1149 672 con-

137 702 269 779 demnet,
306 720 395 778 quam
432 701 458 760 si
493 700 610 758 nullum
646 704 769 777 pactum
805 704 985 760 conventum
1017 700 1053 759 de
1087 719 1149 760 non

135 789 265 865 petenda
293 789 420 864 pecunia
449 790 563 848 factum
593 782 706 847 fuerit?
758 791 819 849 141
853 782 918 847 ‘neo
947 793 1049 847 tamen
1078 807 1147 848 eum

137 878 207 955 qnid
225 878 315 937 iussit
332 878 396 937 fieri
417 880 471 937 aut
487 877 554 936 fieri
572 877 761 954 prohibuerit
779 868 938 958 (praetor),
957 877 1061 936 statim
1079 897 1146 953 per·

136 970 237 1026 actum
260 970 306 1026 est
328 966 492 1044 negotium,
515 966 568 1026 sed
591 965 630 1025 ad
652 965 778 1025 iudicem
803 967 1066 1041 recuperatoresve
1084 967 1148 1026 itur

136 1063 167 1115 et
189 1054 230 1114 ibi
254 1055 343 1114 aditis
360 1055 498 1115 formulis
519 1055 683 1130 quaeritur,
707 1073 746 1113 an
763 1053 880 1132 aliquid
898 1055 1042 1114 adversus
1060 1073 1146 1131 prae·

136 1145 210 1204 toris
233 1144 366 1203 edietum
388 1145 502 1203 laetum
526 1144 645 1218 situel
669 1162 707 1202 an
730 1144 843 1202 factum
866 1162 925 1203 non
949 1142 997 1220 sit,
1020 1144 1146 1220 quodie

135 1233 200 1292 fieri
226 1227 369 1292 iusserit?
418 1234 480 1292 163
505 1227 524 1292 ἵ
540 1277 569 1291 ..
592 1233 618 1291 si
641 1232 786 1291 arbitrum
807 1232 1006 1307 postulaverit
1028 1235 1054 1290 is
1077 1250 1145 1291 eum

136 1340 194 1398 quo
223 1321 337 1400 agitur,
365 1322 474 1397 accipit
496 1321 655 1380 formulam
681 1338 757 1398 quaa
781 1320 953 1396 appellatur
976 1320 1146 1398 arbitraria,

137 1414 167 1469 et
189 1409 295 1470 iudicis
318 1410 443 1470 arbitrio
467 1411 492 1469 si
516 1409 588 1487 quid
610 1408 730 1468 restitui
751 1409 801 1467 vel
824 1409 956 1468 exhiberi
975 1408 1091 1481 debeat,
1114 1410 1145 1469 id

137 1499 200 1558 sine
236 1499 368 1574 periculo
401 1498 522 1558 exhibet
553 1501 608 1557 aut
639 1498 786 1576 restituit,
823 1501 855 1557 et
885 1498 929 1556 ita
961 1494 1145 1575 absolvitur3

136 1586 243 1664 quodsi
270 1605 324 1646 nec
351 1587 494 1647 restituat
520 1606 617 1664 neque
640 1586 791 1659 exhibeat,
820 1587 926 1663 quanti
953 1604 989 1645 ea
1016 1605 1066 1646 res
1100 1593 1146 1646 est

136 1670 371 1736 condemnatur.'
428 1678 505 1736 166⁸
532 1671 551 1735 ἦ
571 1720 605 1735 ..
632 1674 722 1734 iudex
751 1674 832 1752 apud
862 1694 951 1752 quem
980 1675 1016 1734 de
1048 1694 1085 1734 ea
1114 1695 1145 1734 re

136 1765 244 1841 agitur.
290 1765 368 1824 illud
395 1765 510 1825 sedicet
536 1765 665 1841 requirit
693 1759 819 1842 (quod)
842 1768 963 1839 praetor
985 1764 1145 1823 interdicto

136 1854 296 1928 conplexus
325 1857 372 1913 est
469 1874 537 1914 eum
560 1854 650 1913 iudex
671 1853 703 1912 id
725 1852 924 1929 exploraverit
946 1855 977 1911 et
998 1853 1077 1912 forte
1101 1872 1144 1912 se·

136 1943 266 2000 cundum
288 1961 336 2001 me
354 1943 521 2002 iudicatum
540 1943 589 2021 ait,
612 1942 816 2002 adversarium
835 1940 909 2000 mihi
927 1945 959 2000 et
977 1941 1145 2017 sponsionis

135 2034 166 2089 et
192 2030 430 2108 restipulationis
459 2050 599 2109 summas,
623 2049 696 2108 quas
720 2048 789 2089 cum
812 2049 846 2090 eo
869 2030 935 2106 feci,
958 2030 1143 2103 condemnat,

135 2122 166 2178 et
198 2119 407 2180 convenienter
438 2140 485 2179 me
518 2119 684 2196 sponsionis
717 2122 749 2178 at
779 2118 1031 2194 restipulationis,
1069 2137 1144 2196 quae

134 2227 251 2267 meeum
283 2209 380 2269 factae
413 2212 496 2287 sunt,
529 2203 680 2269 absolvit?
727 2210 789 2268 178
819 2201 837 2266 ἵ
853 2252 882 2266 ..
906 2207 1076 2266 calumniae
1099 2207 1144 2266 iu·

135 2296 211 2356 dicio
235 2341 268 2358 ..
296 2315 383 2357 namo
411 2297 571 2356 damnatur
598 2296 656 2355 nisi
684 2297 736 2374 qui
757 2295 903 2374 intelligit
924 2314 985 2355 non
1007 2301 1090 2355 reete
1113 2314 1144 2355 se

135 2403 237 2462 agere,
269 2387 321 2445 sed
351 2386 477 2446 vexandi
510 2386 673 2446 adversarii
701 2385 801 2463 gratia
826 2385 974 2444 actionem
1001 2384 1144 2462 instituit,

134 2474 295 2550 potiusque
319 2492 354 2534 ex
377 2474 483 2534 iudicis
503 2492 603 2533 errore
620 2474 671 2533 vel
688 2474 847 2550 iniquitate
866 2473 1023 2533 victoriam
1043 2477 1146 2548 sperat

134 2580 223 2636 quam
247 2581 282 2620 ex
305 2582 395 2622 causa
416 2562 555 2622 veritatis
578 2557 640 2622 ...'

223 2644 389 2728 ‘Legitima
426 2656 497 2710 sunt
531 2651 644 2710 iudicia
680 2670 756 2728 quae
793 2651 825 2708 in
862 2649 936 2709 urbe
968 2651 1065 2709 Roma
1095 2651 1144 2710 vel

133 2737 214 2797 intra
240 2739 370 2815 primum
396 2739 482 2799 urbis
509 2740 622 2799 Romae
645 2740 808 2798 miliarium
830 2739 909 2798 inter
932 2758 1034 2798 omnes
1063 2739 1144 2800 cives

133 2826 282 2887 Romanos
310 2828 366 2888 sub
398 2848 458 2889 uno
490 2829 587 2888 iudica
620 2828 808 2904 accipiuntur
923 2827 1039 2903 inperio
1072 2848 1144 2888 raro

133 2916 325 2976 continentur
352 2918 576 2994 recuperatoria
607 2920 637 2976 et
664 2936 740 2992 quaa
768 2917 824 2975 sub
852 2935 912 2976 uno
939 2916 1037 2976 indice
1066 2917 1145 2976 acci-

133 3005 258 3079 piuntur
285 3006 501 3066 interveniente
529 3006 679 3082 peregrini
706 3023 834 3081 persona
861 3004 968 3063 iudicis
997 3009 1051 3064 aut
1084 3006 1145 3065 liti-

131 3087 267 3169 gatoris?
305 3096 470 3156 104.105.

221 3182 336 3252 Quibus
354 3184 517 3260 propositis
535 3184 635 3261 imago
649 3184 777 3243 fortasse
792 3182 894 3241 existit
906 3186 1145 3261 praeceptorum,

133 3289 209 3346 quae
242 3269 348 3330 Ofilius
380 3273 416 3332 de
450 3273 547 3332 officio
577 3272 684 3331 iudicis
715 3271 888 3346 composuit.
938 3270 1144 3346 fragmentum

133 3359 230 3435 operis
252 3361 371 3420 nullum
396 3364 501 3421 exstat.
546 3360 710 3421 Tuberonis
733 3360 913 3419 sententiam
937 3378 955 3418 a
974 3358 1071 3419 Gellio
1094 3362 1144 3437 14,

135 3448 228 3520 7,13
258 3449 420 3509 exhibitam
448 3468 485 3509 ex
511 3452 567 3510 hoc
594 3451 722 3509 fortasse
750 3467 839 3523 opera
865 3447 1054 3524 desumptam
1078 3466 1144 3509 esse

120 3533 401 3600 Teuffel-Schwabe
425 3535 445 3618 ξ
465 3541 540 3621 208,
561 3541 578 3599 1
602 3557 664 3599 non
683 3540 763 3597 reete
786 3536 903 3596 conicit.
