2422 3840
93 155 134 219 ’16
171 155 217 210 IV.
241 154 386 210 SEPTIMI
401 155 499 211 SAEC.
513 154 610 209 IURIS
626 153 798 210 CONSULT.
814 152 938 208 SERIES
953 152 1101 208 ALTERA

93 318 180 382 etin
204 317 447 384 Acharistione:

234 433 356 498 Panem
380 440 413 498 et
434 436 613 518 polentam,
640 434 750 497 vinum
775 433 960 497 murrinam.

94 555 282 622 Scaevolam
306 580 430 642 quoque
454 563 486 622 et
506 558 540 622 L.
560 557 689 622 Aelium
708 563 740 621 et
758 556 890 621 Ateium
909 555 1102 640 Capitonem

93 647 127 709 in
143 645 253 711 eadem
268 648 431 711 sententia
442 647 541 711 fuisse
552 646 654 729 video,
668 647 821 730 quoniam
832 645 863 708 in
876 644 1037 712 Pseudolo
1049 647 1103 713 sit:

253 760 357 837 ‘Quod
380 761 409 826 si
432 783 513 845 opus
538 766 600 840 est,
628 765 664 825 ut
686 760 777 825 dulce
800 764 929 844 promat
951 761 1102 846 indidem,

253 851 365 934 ecquid
390 849 526 915 habetl'
572 849 732 934 ‘Rogas‘l'

253 938 455 1022 ‘Murrinam,
478 961 623 1024 passum,
646 937 820 1022 defrutum,
843 936 952 1002 mella'

94 1064 211 1149 quibus
235 1067 384 1147 apparet,
411 1085 476 1128 non
498 1062 583 1127 inter
607 1063 685 1126 vina
707 1062 803 1127 modo
828 1063 1022 1148 murrinam,
1051 1065 1106 1129 sed

93 1153 180 1217 inter
203 1153 309 1217 dulcia
331 1173 457 1236 quoque
480 1153 691 1216 nominatum.

414 1360 469 1432 [De
486 1363 646 1430 supellectili
664 1359 783 1432 lcqato?]

167 1519 169 1526 ·
186 1475 246 1535 11?
269 1476 318 1533 An
335 1474 372 1534 de
391 1475 574 1551 supellectili
591 1494 708 1552 quoque
723 1475 840 1535 Mucius
857 1475 967 1534 dixerit
981 1476 1106 1536 dubium

95 1571 152 1625 est:
190 1582 260 1622 nam
296 1583 372 1639 quae
409 1563 559 1640 Ulpianus
595 1563 674 1623 libro
710 1564 852 1624 vicesim0
889 1565 928 1623 ad
961 1565 1107 1626 Sabinum

94 1653 130 1713 D.
147 1656 198 1730 34,
209 1655 238 1730 2,
250 1655 300 1728 19,
312 1654 330 1712 5
351 1652 387 1711 de
402 1652 585 1728 supellectili
599 1653 710 1730 scribit,
724 1671 784 1712 non
797 1653 898 1730 Mucii,
914 1653 966 1713 sed
980 1653 1106 1732 Ulpiani

95 1742 245 1802 sententia
262 1740 383 1801 videtur
399 1760 464 1801 esse
479 1735 566 1819 (‘n0n
580 1745 681 1800 tamen
695 1761 772 1818 quae
787 1742 984 1817 supellectilis
999 1738 1107 1825 sunt').

95 1831 155 1890 alio
177 1849 249 1893 uero
273 1830 339 1890 loco
363 1830 447 1890 nullo
469 1831 563 1889 Mucii
588 1831 706 1890 nomine
730 1832 766 1889 de
790 1831 972 1906 supellectili
995 1833 1107 1909 agitur.

97 1920 217 1979 Servius
237 1923 268 1979 et
281 1919 401 1979 Tubero
419 1920 638 1995 supellectilem
653 1919 774 1978 definire
789 1920 975 1978 conabantur
988 1916 1038 2000 (D.
1056 1923 1109 1998 33,

97 2011 201 2086 10,7‚
222 2003 254 2087 1)
285 2012 317 2067 et
343 2008 489 2082 definitio,
522 2027 614 2085 quam
641 2007 823 2083 Pomponius
850 2008 927 2067 libro
956 2011 1039 2070 sexto
1069 2011 1108 2069 ad

96 2097 240 2157 Sabinum
262 2099 379 2174 profert
402 2089 453 2179 (D.
474 2099 524 2170 33,
546 2089 660 2176 10,1),
685 2095 788 2155 Sabini
810 2097 932 2156 videtur
954 2115 1027 2158 essa.
1075 2103 1109 2159 at

95 2188 132 2246 de
156 2187 273 2264 argenti
298 2189 329 2245 et
352 2185 550 2260 supellectilis
577 2184 751 2244 notionibus
773 2189 862 2247 vetus
885 2185 1009 2262 quidam
1030 2187 1109 2247 iuris

96 2277 251 2335 consultus
274 2274 389 2351 aliquid
410 2275 532 2350 statuit3
555 2292 623 2330 nam
643 2292 720 2348 quae
739 2293 776 2333 ex
795 2274 881 2332 Pauli
899 2274 976 2333 libro
996 2277 1108 2352 quarto

96 2365 134 2422 ad
161 2364 306 2423 Sabinum
332 2363 364 2420 in
392 2362 518 2437 Digesta
546 2363 601 2438 33,
622 2365 677 2437 10,
697 2365 767 2438 3,5
797 2366 919 2438 recepta
945 2367 1030 2436 sunt,
1062 2365 1109 2424 ita

95 2452 238 2511 mutilata
256 2454 336 2527 sunt,
355 2453 391 2509 ut
408 2449 488 2508 inter
507 2450 567 2508 alia
584 2450 659 2509 iuris
679 2451 809 2511 consulti
823 2451 977 2511 cuiusdam
993 2455 1113 2514 veteris.

94 2559 204 2599 nomen
225 2539 365 2605 videatur
390 2538 542 2598 excidisse.
589 2540 766 2598 sententiam
790 2541 954 2600 Mommsen
976 2541 1021 2600 ita
1044 2541 1108 2601 fere

95 2628 218 2688 restitui
248 2645 335 2704 posse
367 2630 469 2703 putat:
502 2620 660 2686 ‘craterem
690 2630 867 2706 argenteum
895 2648 954 2688 non
983 2647 1047 2689 esse
1076 2631 1110 2690 in

96 2717 278 2794 supellectili
310 2734 363 2775 nec
390 2716 488 2775 ullum
516 2735 569 2776 vas
597 2719 775 2795 argenteum
802 2718 966 2776 secundum
994 2720 1110 2779 saeculi

97 2807 287 2866 severitatem
314 2805 447 2864 nondum
474 2803 663 2864 admittentis
692 2806 908 2881 supellectilem
933 2811 1110 2884 argenteam

96 2895 159 2959 Sex.
180 2893 284 2953 Aelius
306 2896 418 2967 detuit,
445 2895 495 2953 secl
517 2896 549 2952 in
572 2899 704 2968 amento:
732 2897 818 2954 etiam
839 2894 927 2954 hodie
1028 2897 1053 2954 si
1076 2897 1110 2955 in

96 2985 220 3060 argento
243 2976 373 3041 relatum
397 2982 437 3042 sit
460 2982 672 3041 candelabrum
695 2987 880 3061 argenteum,
905 2984 1024 3061 argenti
1042 3003 1109 3044 esse

96 3066 235 3132 videtur'.
280 3071 355 3129 mihi
383 3071 467 3129 Sexti
491 3069 574 3129 Aelii
600 3073 666 3130 loco
694 3073 795 3147 potius
824 3071 857 3142 Q.
880 3072 973 3131 Mucii
999 3090 1112 3134 nomen·

96 3159 314 3220 restituendum
330 3159 462 3234 videtur,
480 3177 550 3217 nam
564 3158 678 3233 Aelius
699 3180 786 3237 quem
800 3161 966 3220 Mommsen
980 3164 1111 3239 exempli

97 3267 188 3308 causa
219 3250 390 3326 proposuit,
422 3248 490 3306 ideo
522 3267 582 3307 non
614 3251 726 3323 placet,
759 3249 838 3326 quod
866 3269 935 3308 eum
966 3252 1110 3311 statuisse

97 3339 220 3415 scimus,
253 3342 304 3397 tus
336 3356 454 3414 quoque
488 3340 518 3394 et
548 3355 649 3397 cereos
677 3338 709 3395 in
736 3357 817 3413 penu
844 3356 922 3413 esse,
956 3357 1031 3416 quas
1059 3359 1109 3399 res

97 3426 130 3496 Q.
155 3427 271 3486 Mucius
299 3427 418 3503 penoris
445 3443 505 3483 nou
534 3443 597 3484 esse
626 3426 742 3485 statuit
787 3429 889 3502 itaque
918 3426 950 3496 Q.
974 3428 1109 3487 Mucium

96 3518 205 3576 testem
228 3516 320 3574 fuisse
344 3515 423 3574 malo
447 3513 560 3573 saeculi
584 3515 761 3574 severitatis.
