2422 3840
104 171 168 234 112
209 169 244 226 V.
266 168 636 226 ammanuensium
651 167 827 225 CONSULT.
842 167 1110 225 Summuranum

104 359 130 401 a.
152 333 267 418 689s65
296 332 477 415 ‘Aquillinm
503 357 563 398 non
590 337 785 411 arbitramur,
813 337 866 413 qui
894 337 1058 415 denegavit
1084 340 1110 398 et

99 428 214 490 iuravit
245 428 383 487 morbum
412 430 444 486 et
470 427 547 486 illud
574 445 660 486 suum
693 446 820 504 regnum
849 425 990 486 iudiciale
1024 446 1109 503 oppo-

103 509 204 597 suit'),
227 515 335 592 postea
358 516 547 593 aliquamdiu
570 515 710 575 Cercinae
734 515 871 593 degebat,
896 514 950 574 ubi
974 514 1110 576 Servium

99 606 266 682 Sulpicium
288 605 403 664 Rufum
425 605 583 680 instruxit,
611 604 687 664 obiit
708 606 778 679 post
800 623 827 662 a.
848 598 966 682 699l55
992 597 1107 684 (Cicero

100 694 139 753 ad
154 696 217 754 Att.
232 696 315 769 4,12
332 687 522 774 τ(Εἶςηειὺίηε)
541 694 675 772 graviter
693 711 725 752 se
740 695 880 752 acturum
894 710 963 752 cum
977 691 1109 770 Aquillio

100 777 314 862 confirmauit')
333 785 452 842 etanta
471 801 497 842 a.
514 777 631 861 710s44
652 773 769 862 (Cicero
790 781 890 858 Topic.
910 784 966 841 32:
986 777 1110 842 ‘solebat
1127 850 1131 864 .

102 872 255 951 Aquillius
274 865 339 951 ..').

188 960 291 1021 Cicero
328 980 381 1036 pro
415 959 543 1019 Gaecina
567 962 607 1019 78
644 960 699 1020 has
732 958 820 1019 Gallo
851 959 958 1019 laudes
990 959 1109 1020 tribuit:

99 1043 277 1127 ‘numquam
307 1049 371 1108 eius
399 1049 611 1109 auctoritatem
633 1048 761 1106 nimium
788 1049 903 1124 ualere,
932 1048 1020 1108 cuius
1044 1069 1109 1127 pru·

100 1139 233 1198 dentiam
255 1139 387 1214 populus
404 1137 558 1197 Romanus
580 1138 613 1196 in
636 1137 777 1210 cavendo,
800 1156 861 1197 non
882 1139 914 1196 iu
937 1137 1109 1214 deripiendo

99 1226 296 1304 perspexerit,
325 1226 376 1303 qui
403 1227 478 1285 iuris
506 1226 604 1286 ciuilis
633 1225 783 1286 rationem
808 1245 975 1303 numquam
1002 1227 1042 1286 ab
1066 1246 1109 1286 aa·

99 1316 216 1393 quitata
240 1315 410 1390 seiunxcrit,
433 1316 485 1392 qui
506 1318 554 1374 tot
577 1333 669 1374 annos
692 1315 848 1391 ingenium
869 1315 1005 1375 laborem
1024 1315 1110 1376 fidem

99 1423 184 1464 suam
207 1405 320 1480 populo
343 1402 477 1463 Romano
496 1407 668 1481 promptam
687 1404 910 1479 expositamque
929 1404 1109 1482 praebuerit,

98 1494 151 1569 qui
173 1493 218 1551 ita
239 1493 337 1552 iustus
362 1495 393 1552 et
414 1492 509 1552 bonus
530 1493 577 1552 vir
600 1495 655 1570 est,
678 1495 714 1551 ut
732 1496 851 1570 natura,
873 1512 935 1552 non
954 1493 1109 1571 disciplina

99 1582 254 1641 consultus
278 1599 342 1640 esse
361 1581 507 1658 uideatur,
526 1582 571 1642 ita
588 1582 705 1657 peritus
724 1600 759 1640 ao
777 1581 916 1658 prudens,
934 1584 972 1641 nt
991 1601 1028 1642 ex
1047 1583 1108 1642 iure

98 1670 179 1731 civili
201 1689 262 1729 non
289 1670 415 1729 scientia
438 1670 535 1730 solum
558 1671 717 1747 quaedam,
743 1690 850 1731 verum
874 1671 967 1730 etiam
989 1671 1107 1732 bonitas

98 1761 171 1818 nata
196 1760 348 1836 videatur,
376 1759 460 1819 cuius
487 1762 607 1819 tantum
631 1762 676 1818 est
703 1759 868 1836 ingenium,
896 1759 942 1819 ita
968 1763 1107 1837 prompta

97 1847 183 1924 fides,
211 1850 247 1907 ut
273 1847 418 1925 quidquid
444 1848 514 1908 inde
540 1848 675 1925 haurias,
707 1867 817 1923 purum
844 1846 1065 1928 liquidumquew‘
1080 1853 1107 1908 te

97 1937 216 1996 haurire
239 1930 373 1997 sentias?

187 2025 292 2085 Gallus
329 2026 482 2102 Aquillius
521 2025 633 2101 partim
669 2023 701 2095 Q.
735 2024 868 2084 Mucium
905 2029 1029 2086 secutus
1066 2029 1108 2086 est

98 2109 148 2192 (D.
164 2117 215 2188 32,
226 2118 277 2192 29,
289 2119 321 2174 1:
341 2108 385 2184 Ὁ.
399 2115 517 2174 Mucius
536 2118 567 2174 et
581 2113 687 2173 Gallus
700 2107 875 2191 putabant'3
895 2116 946 2190 40,
960 2118 988 2194 7,
999 2117 1040 2176 39
1053 2135 1107 2192 pn:

98 2198 145 2274 Ὁ.
169 2204 297 2280 Mucius,
321 2201 425 2262 Gallus
524 2194 670 2282 putant'),
695 2203 807 2278 partim
826 2222 919 2263 novas
944 2205 1107 2264 sententias

96 2293 215 2351 induxit
236 2285 287 2372 (Ι).
308 2293 358 2366 28,
379 2292 407 2370 2,
427 2293 467 2350 29
483 2311 541 2367 pn:
564 2285 683 2350 ‘Gallus
706 2337 736 2351 ..
759 2285 902 2367 induxit';
933 2294 984 2368 28,
1004 2295 1036 2371 5,
1055 2295 1107 2352 75:

97 2375 200 2458 ‘idque
231 2379 411 2439 auctoritate
441 2378 521 2438 Galli
549 2379 677 2456 Aquillii
702 2380 817 2440 factum
844 2374 915 2456 est'3
949 2383 1006 2455 30,
1032 2385 1106 2440 127:

100 2464 244 2544 ‘optinuit
266 2466 346 2527 Galli
369 2461 553 2546 sententia').

187 2557 308 2616 Gallum
340 2556 431 2615 etiam
457 2557 550 2617 libros
578 2558 733 2634 scripsisse
760 2558 840 2617 inter
867 2558 943 2618 alios
971 2558 1107 2637 Krueger

97 2668 125 2722 p.
147 2649 188 2705 60
211 2647 312 2721 putat3
336 2645 520 2722 Pomponius
544 2646 624 2705 enim
646 2643 666 2721 ξ
686 2648 727 2706 43
751 2646 824 2706 haec
847 2647 950 2707 habet:
975 2642 1018 2709 ἦ.
1042 2648 1108 2708 Ser*

97 2735 164 2795 vius
194 2779 226 2793 ..
255 2753 376 2810 operam
405 2735 487 2794 dedit
509 2735 568 2793 iuri
591 2735 672 2796 civili
697 2781 761 2812 ...,
788 2735 948 2795 institutus
971 2755 989 2794 a
1012 2736 1107 2797 Balbo

97 2822 228 2898 Lucilio,
255 2822 421 2883 instructus
450 2826 552 2882 autem
578 2824 706 2882 maxime
735 2842 753 2882 a
781 2823 867 2884 Gallo
890 2824 1029 2903 Aquilio,
1057 2825 1108 2902 qui

97 2911 158 2970 fuit
177 2910 331 2988 Cercinam
353 2913 457 2990 itaque
480 2913 551 2972 libri
573 2913 740 2988 complures
759 2913 823 2973 eius
843 2915 947 2973 extant
967 2913 1108 2974 Cercinae

98 2996 249 3060 confecti'.
294 3005 397 3060 utrum
419 3021 490 3061 vero
519 3001 558 3060 ad
581 3000 703 3061 Gallum
730 3021 768 3060 an
792 3003 829 3061 ad
854 3002 992 3062 Servium
1016 3005 1110 3064 verba

97 3093 231 3150 extrema
264 3084 382 3167 ‘itaque
481 3084 625 3150 confecti'
657 3090 814 3149 referenda
841 3091 915 3163 sint,
943 3092 1109 3167 quaeritur.

96 3180 132 3241 cf.
147 3179 221 3239 Rob.
237 3178 399 3238 Schneider
413 3180 448 3239 de
464 3179 526 3239 Ser.
541 3177 762 3255 SulpicioRufo
778 3180 881 3254 speal
896 3171 1108 3262 (Liparum)

97 3290 126 3344 p.
147 3272 186 3329 19
199 3287 240 3346 sq.
269 3269 320 3327 scd
344 3287 413 3327 cum
436 3268 471 3327 de
496 3267 575 3327 Galli
597 3268 682 3326 libris
706 3271 840 3327 ceterum
862 3268 938 3326 nihil
960 3269 1110 3329 traditum

96 3358 144 3432 sit,
170 3358 261 3418 verba
283 3357 338 3415 illa
359 3358 461 3434 potius
486 3357 523 3415 ad
547 3355 686 3417 Servium
709 3357 866 3416 referenda
889 3375 955 3416 esse
978 3361 1063 3435 puto.

186 3445 293 3504 Gallus
324 3465 361 3504 ne
394 3464 536 3520 responsa
568 3445 689 3522 quidem
717 3464 772 3504 sua
802 3447 867 3523 ipse
898 3447 1023 3524 collegit
1055 3450 1110 3507 aut

92 3534 194 3591 edidit,
243 3534 323 3610 quod
349 3535 630 3595 Teuffel-Schwabe
654 3533 674 3610 ἓ
697 3537 810 3612 174,.1
836 3535 920 3594 dicit:
951 3529 1023 3594 ‘nur
1049 3555 1111 3597 von
