2422 3840
93 111 135 174 32
179 110 226 166 111.
249 109 396 165 SEPTIMI
415 110 514 166 SAEC.
533 111 629 166 Iulus
649 111 823 169 consoni.
842 111 968 168 seems
987 111 1103 169 PRIMA

93 280 132 339 ad
164 283 302 338 auctores
334 279 502 355 confugisse
535 284 566 339 et
596 280 628 339 id
658 281 737 358 quod
764 280 828 356 ipse
856 280 980 352 diceret,
1014 284 1046 341 st
1073 281 1104 341 in

94 369 126 427 P.
144 367 235 427 Mucii
263 368 365 426 fratris
395 368 442 426 sui
469 369 555 428 libris
584 370 669 429 etin
692 369 757 428 Sex.
780 368 859 428 Aelii
881 369 1104 431 commentariis

94 457 238 534 scriptum
261 456 422 531 protulisse
442 450 484 517 ..’

182 547 276 605 Nulla
300 549 419 604 exstant
441 565 590 622 responsa.

287 840 355 923 ll).
392 846 431 919 Ρ.
459 846 634 920 Muclus
664 844 911 919 sclavum

138 995 259 1067 praetor
280 986 433 1070 orestes,
456 1008 514 1050 cos.
536 985 689 1069 621s133,
712 995 793 1066 pont.
817 1009 893 1049 max.
909 983 1060 1051 623l131.

183 1115 366 1190 Pomponius
395 1112 414 1188 ἓ
434 1117 475 1175 39
506 1110 589 1190 ‘post
615 1116 669 1175 hos
693 1115 817 1173 fuerunt
838 1113 963 1173 Publius
987 1113 1105 1174 Mucius

95 1206 126 1261 et
144 1203 258 1262 Brutus
283 1207 313 1261 et
331 1203 481 1280 Manilius,
505 1206 556 1280 qui
578 1204 780 1264 fundaverunt
802 1204 850 1262 ius
868 1203 964 1262 civile.
1002 1222 1039 1261 ex
1058 1202 1105 1262 his

95 1292 221 1350 Publius
245 1291 361 1350 Mucius
386 1294 477 1351 otiam
501 1294 600 1352 decem
624 1293 742 1352 libellos
765 1285 913 1369 reliquit'.

184 1380 300 1438 Mucius
323 1382 494 1456 pontificem
517 1383 628 1442 bouum
650 1381 799 1440 neminem
822 1398 885 1440 esse
909 1379 1006 1439 dicere
1028 1378 1104 1440 sole·

95 1469 147 1527 bat
169 1469 228 1526 nisi
251 1470 302 1544 qui
322 1471 369 1528 ius
389 1471 475 1528 civile
493 1474 595 1530 nosset
614 1463 687 1550 (Cio.
708 1471 743 1527 de
763 1470 818 1545 leg.
840 1472 868 1545 2,
884 1459 950 1551 47),
973 1468 1004 1528 id
1024 1468 1105 1545 quod

94 1558 246 1634 negabant
269 1558 333 1617 alii:
362 1553 405 1617 ‘si
426 1577 480 1619 vos
504 1552 693 1638 (Scaevolae)
717 1558 924 1617 tantummodo
947 1557 1104 1634 pontifices

96 1646 213 1721 essetiS,
247 1647 425 1720 pontificatis
451 1651 585 1706 maneret
613 1648 789 1724 auctoritas3
822 1647 874 1705 sed
906 1646 985 1722 quod
1011 1645 1103 1704 iidem

95 1734 168 1793 iuris
197 1734 293 1794 civilis
320 1737 391 1795 estis
419 1736 605 1811 peritissimi,
633 1737 688 1794 hac
716 1735 841 1795 scientia
862 1734 946 1793 illam
969 1728 1105 1794 eluditis'

96 1822 154 1882 Cio.
179 1824 214 1880 de
238 1825 295 1902 leg.
316 1828 344 1897 2,
362 1827 412 1886 52.
454 1819 614 1901 ‘Scipionis
636 1825 762 1884 Nasicae
786 1825 834 1883 vel
858 1825 930 1882 haec
952 1823 1045 1883 verba
1068 1823 1103 1882 de

95 1911 127 1970 P.
147 1912 244 1971 Mucio
268 1916 419 1974 feruutur:
447 1916 583 1990 sconsul,
610 1914 680 1972 dum
703 1914 777 1972 iuris
802 1913 936 1971 ordinem
959 1912 1104 1988 sequitur,

95 2001 126 2060 id
158 2001 235 2080 agit,
268 2007 302 2062 ut
334 2023 399 2062 oum
433 2005 570 2063 omnibus
603 2003 720 2079 legibus
748 2003 913 2060 Romanum
943 2001 1103 2076 imperium

94 2083 254 2150 corruam?
290 2091 356 2152 Val.
375 2093 452 2152 Max.
468 2095 496 2170 3,
513 2094 540 2166 2,
558 2094 607 2149 17.

505 2268 695 2343 Responsa.

183 2384 252 2442 Non
281 2401 377 2458 pauca
407 2383 443 2441 de
474 2383 539 2442 iure
573 2401 670 2456 sacro,
699 2384 734 2442 de
763 2385 827 2442 iure
855 2383 939 2461 belli,
973 2384 1009 2443 de
1039 2383 1104 2442 iure

96 2471 183 2548 dotis,
207 2474 243 2529 de
263 2472 425 2544 stillicidio,
444 2471 480 2530 de
499 2473 579 2532 furto
599 2475 726 2532 exstant.
767 2491 843 2549 quae
862 2471 900 2530 ad
918 2472 966 2530 ius
986 2490 1105 2531 sacrum

95 2561 259 2636 pertinent,
282 2561 485 2635 praetermisit
508 2561 609 2620 Lenel.

188 2672 213 2732 l.
239 2668 277 2733 Ι).
297 2670 349 2754 24,
362 2672 391 2752 3,
407 2672 449 2736 66
460 2695 507 2754 pr.
537 2670 707 2734 lavolcnus
725 2670 808 2734 libro
829 2674 919 2734 sexto
940 2691 977 2733 ex
997 2675 1104 2753 poste-

96 2758 233 2821 rioribus
249 2757 408 2823 Labeonis
420 2757 471 2846 (P.
481 2757 569 2847 227).
584 2796 628 2805 -
642 2758 681 2822 In
695 2759 747 2822 his
762 2759 867 2841 rebus,
882 2779 962 2842 quas
977 2763 1105 2841 praeter

96 2850 298 2910 numeratam
321 2849 490 2931 pecuniam
515 2850 583 2913 doti
603 2849 652 2911 vir
671 2848 778 2929 habet,
802 2847 911 2912 dolum
930 2848 1052 2912 malum
1072 2850 1105 2911 et

96 2935 222 3019 culpam
251 2957 323 3000 eum
350 2942 515 3021 praestare
545 2942 694 3020 oportere
718 2936 847 3000 Servius
871 2937 925 3000 ait.
971 2957 1009 2999 ea
1033 2957 1102 3000 sen·

95 3024 200 3087 tentia
229 3024 336 3088 Publii
363 3025 461 3090 Mucii
494 3032 556 3111 est,
587 3048 664 3089 nam
696 3025 724 3088 is
752 3025 786 3088 in
815 3022 938 3088 Licinia
966 3024 1104 3089 Gracchi

96 3134 195 3176 uxore
224 3114 351 3192 statuit,
381 3114 465 3199 quod
494 3136 544 3178 res
574 3115 698 3178 dotales
721 3113 756 3176 iu
780 3134 816 3176 ea
840 3113 1011 3194 seditione,
1040 3135 1104 3197 qua

96 3199 259 3266 Gracchus
287 3203 411 3267 occisos
440 3207 523 3285 erat,
556 3204 715 3288 perissent
743 3202 832 3283 [ait],
865 3202 940 3285 quia
968 3200 1104 3266 Gracchi

96 3290 191 3372 culpa
211 3312 248 3354 ea
267 3292 381 3357 seditio
401 3293 488 3356 facta
503 3297 597 3370 esset,
617 3291 757 3355 Liciniae
772 3291 929 3373 praestari
945 3295 1103 3373 oportere.

185 3380 215 3442 2.
242 3377 353 3445 Cicero
377 3385 444 3464 top.
463 3381 559 3464 4,24.
581 3418 618 3426 -
716 3384 752 3443 ut
776 3380 802 3442 si
826 3379 872 3441 ita
895 3380 1104 3462 respondeas:

97 3469 249 3551 quoniam
277 3468 310 3532 P.
335 3470 489 3535 Scaevola
518 3469 551 3532 id
580 3470 683 3532 solum
712 3489 782 3532 esse
810 3467 949 3531 ambitus
978 3467 1103 3536 aedium
