2422 3840
104 162 168 226 190
205 162 251 216 VI.
274 160 406 216 OCTAVI
424 161 524 216 SAEG.
542 161 638 215 IURIS
658 160 832 217 CONSULT.
851 160 977 216 SERIES
994 160 1107 216 PRIMA

103 348 171 388 oum
195 332 296 388 tutore
320 348 373 389 suo
397 331 463 406 lege
487 332 541 389 aut
562 329 699 407 legitimo
721 329 831 392 iudicio
854 349 945 408 agere
967 331 1047 404 vult,
1074 337 1109 389 ut

102 422 223 478 auctore
247 438 281 477 eo
305 421 376 494 agat

191 503 241 567 72.
269 501 309 566 D.
323 502 375 584 27,
391 503 420 584 l,
433 503 455 565 4
467 524 511 585 pr.
544 500 704 585 Ulpianus
724 502 808 566 libro
828 502 998 587 trigesimo
1019 507 1108 566 sexto

102 592 141 655 ad
165 591 303 655 edictum
328 589 377 668 (P.
398 591 507 676 1032).
552 640 582 655 ..
605 593 713 655 exstat
736 590 838 655 Servii
861 591 1023 655 sententia
1045 593 1108 656 exi·

102 680 277 764 stimantis,
305 680 333 742 si
360 684 436 763 post
463 683 601 743 mortem
625 679 743 743 tutoris
765 679 859 744 heres
884 681 953 744 eius
976 682 1108 765 negotia

99 769 217 852 pupilli
237 789 346 851 gerere
365 769 617 851 perseveraverit
636 769 744 832 autin
763 790 837 832 arca
854 769 973 833 tutoris
992 768 1108 852 pupilli

100 857 269 940 pecuniam
288 856 449 920 invenerit
472 862 504 920 et
523 858 760 939 consumpserit
776 857 828 921 vel
847 878 919 922 eam
938 857 1108 941 pecuniam

101 967 197 1029 quam
219 948 309 1010 tutor
332 946 506 1030 stipulatus
528 945 636 1009 fuerat
660 946 815 1028 exegerit,
842 946 965 1010 tutelae
989 946 1106 1010 iudicio

101 1057 173 1098 eum
205 1035 307 1099 teneri
335 1056 391 1098 suo
419 1034 551 1098 nomine
559 1035 578 1114 [:
610 1056 685 1098 nam
714 1056 786 1098 cum
813 1035 1025 1118 permittatur
1055 1035 1108 1098 ad·

100 1144 211 1188 versus
235 1123 384 1187 heredem
413 1145 450 1186 ex
474 1124 605 1206 proprio
634 1122 709 1186 dolo
731 1123 830 1187 iurari
857 1121 893 1186 in
914 1122 1021 1205 litem,
1052 1145 1105 1206 ap-

99 1217 193 1295 paret
216 1234 287 1276 eum
311 1211 429 1276 iudicio
454 1211 573 1275 tutelae
596 1211 700 1276 terieri
724 1234 762 1275 ex
785 1210 859 1276 dolo
883 1212 1040 1295 proprio}

443 1359 490 1417 De
511 1375 610 1417 reram
633 1360 765 1419 domicio.

190 1461 240 1524 73.
267 1459 306 1524 D.
319 1461 372 1543 41,
389 1462 417 1543 1,
431 1461 482 1524 38.
518 1459 650 1523 Alfenus
675 1457 780 1523 Varus
804 1459 887 1524 libro
911 1463 1029 1543 quarto
1054 1459 1106 1524 Di-

100 1555 265 1633 gestorum
281 1571 300 1612 a
314 1547 413 1612 Paulo
429 1549 679 1631 epitomatorum
694 1548 741 1631 (P.
753 1545 820 1631 65).
848 1548 958 1612 Attius
971 1548 1104 1614 fundum

99 1637 240 1703 habebat
263 1637 437 1701 secundum
463 1639 548 1701 viam
573 1637 748 1719 publicam:
771 1637 859 1700 ultra
876 1636 964 1702 viam
986 1637 1104 1702 flumen

99 1731 169 1790 erat
188 1731 220 1790 et
238 1747 314 1809 ager
330 1725 421 1789 Lucii
435 1724 527 1790 Titii:
556 1725 654 1807 [fluit]
679 1726 797 1790 flumen
820 1726 978 1809 paulatim
994 1727 1105 1810 populi

98 1815 236 1880 Romani
257 1813 344 1879 carral
367 1835 494 1899 agrum,
518 1816 573 1898 qui
595 1815 680 1879 inter
702 1815 789 1878 viam
813 1818 846 1878 et
867 1813 988 1878 flumen
1012 1821 1104 1899 esset,

99 1905 242 1968 ambedit
275 1908 307 1968 et
334 1905 419 1968 viam
453 1903 598 1986 sustulit,
629 1906 742 1986 postea
773 1924 883 1967 rursus
915 1904 1102 1968 minutatim

98 1992 231 2073 recessit
260 1997 292 2057 et
320 1994 479 2057 alluvione
507 1992 541 2054 in
569 1993 737 2076 antiquum
767 1992 872 2056 locum
904 1993 1012 2060 rediit.
1057 2015 1102 2057 re·

99 2083 242 2166 spondit,
270 2103 343 2146 cum
366 2082 486 2145 flumen
511 2101 625 2165 agrum
649 2085 682 2144 et
704 2080 789 2145 viam
813 2080 977 2165 publicam
1002 2086 1103 2146 sustu·

97 2170 198 2255 lisset,
222 2194 295 2235 eum
319 2192 432 2255 agrum
456 2168 524 2232 eius
547 2168 669 2234 factum
693 2191 772 2255 esse,
795 2169 849 2252 qui
871 2170 1101 2235 transflumen

98 2259 233 2325 fundum
251 2260 432 2324 habuisset:
455 2264 568 2341 postea
587 2279 658 2322 cum
678 2257 834 2341 paulatim
854 2261 941 2322 retro
958 2259 1101 2342 redisset,

98 2349 254 2413 ademisse
280 2350 321 2429 ei,
345 2348 434 2411 cuius
458 2348 561 2410 factus
586 2350 683 2430 esset,
706 2351 739 2410 et
762 2345 921 2411 addidisse
946 2349 987 2427 ei,
1014 2349 1099 2412 ouius

96 2441 187 2501 trans
210 2437 296 2501 viam
320 2441 418 2518 esset,
446 2435 597 2518 quoniam
622 2436 689 2499 eius
712 2433 831 2500 fundus
854 2436 1022 2518 proximus
1044 2437 1100 2500 flu-

97 2525 177 2589 mini
201 2529 300 2608 esset,
327 2524 361 2588 id
384 2528 505 2608 autem,
533 2524 617 2608 quod
640 2524 805 2608 publicum
829 2523 957 2607 fuisset,
984 2525 1101 2590 bomini

97 2611 274 2678 cessisset2.
308 2610 390 2677 iam³
408 2613 637 2697 impedimento
656 2613 742 2677 viam
761 2633 830 2676 esse
845 2613 901 2698 ait,
919 2615 1099 2696 quominus

98 2722 183 2784 ager,
207 2703 261 2785 qui
281 2707 371 2766 trans
386 2702 473 2765 viam
493 2702 651 2765 alluvione
669 2702 801 2765 relictus
816 2706 874 2784 est,
897 2703 980 2766 Attii
999 2702 1100 2766 fieret:

96 2811 172 2854 nam
196 2790 267 2875 ipsa
291 2812 417 2875 quoque
442 2790 494 2854 via
517 2790 609 2854 fundi
633 2793 725 2854 esset.

183 2892 286 2952 Alfeni
308 2894 356 2954 vel
374 2894 462 2952 Pauli
485 2893 580 2952 oratio
604 2892 821 2952 aTriboniano
844 2892 888 2952 ita
911 2897 1031 2953 mutata
1048 2896 1100 2967 est,

94 2986 130 3041 ut
151 2982 283 3060 intelligi
304 2982 365 3040 iam
387 2984 526 3059 nequeat.

185 3075 248 3139 74?
271 3073 311 3140 D.
325 3076 377 3153 39,
390 3077 419 3158 3,
434 3076 486 3158 24,
495 3075 523 3138 3.
556 3072 694 3138 Alfenus
713 3074 796 3138 libro
816 3078 932 3157 quarto
952 3074 1099 3160 Digesto·

94 3187 166 3230 rum
195 3187 214 3228 a
237 3164 336 3229 Paulo
365 3166 614 3248 epitomatorum
636 3160 687 3248 (P.
706 3161 772 3245 64).
817 3161 920 3227 Lacus
949 3185 1020 3227 oum
1046 3165 1098 3227 aut

95 3259 273 3319 crescerent
295 3257 352 3318 aut
376 3254 601 3335 decrescerent,
624 3272 799 3334 numquam
822 3272 925 3335 neque
948 3252 1097 3317 accessio-

93 3365 166 3407 nem
191 3364 293 3427 neque
317 3342 532 3406 decessionem
556 3340 590 3404 in
613 3362 668 3404 eos
691 3340 804 3404 vicinis
827 3340 933 3404 facere
956 3341 1039 3406 licet.

166 3471 180 3516 1
202 3463 250 3519 Fr.
269 3463 388 3531 primum
408 3461 540 3515 omnium.
613 3469 628 3516 2
649 3460 698 3515 Fr.
717 3459 822 3515 nemini
842 3461 1014 3518 accessisset.

89 3539 109 3586 3
123 3533 172 3587 Fr,
192 3549 246 3586 nec
264 3537 365 3586 tamen.
