2422 3840
394 180 418 228 7.
442 174 580 230 SEXTUS
598 173 764 230 PAPlRlUS
1021 173 1082 236 137

165 339 215 404 17.
242 337 283 403 D.
303 339 354 422 11,
368 339 398 418 8,
412 340 443 404 2.
483 337 654 403 Marcellus
673 337 756 402 libro
778 339 950 402 vicensimo
971 343 1085 404 octavo

84 427 282 512 Digestorum
310 425 360 512 (P.
383 423 473 514 256).
503 464 540 474 -
570 423 666 491 ναίον1
695 426 745 489 lex
773 427 876 509 regia,
908 427 1085 510 mulierem,

84 537 156 600 quae
183 535 343 602 praegnas
370 522 499 581 mortua
522 515 578 598 sit,
605 515 746 597 humari,
775 521 950 598 antequam
973 521 1085 599 partus

83 607 108 670 ei
128 604 303 671 excidatur.
345 606 415 690 [qui
434 605 687 686 contrafecerit,
711 625 800 686 spem
820 605 993 668 animantis
1013 625 1085 667 cum

83 693 209 779 gravida
232 697 406 776 peremisse
430 692 581 775 videtum]

495 867 550 940 [De
569 865 665 937 luctu]

165 970 234 1033 18⁸.
258 967 421 1034 Plutarch.
441 968 550 1034 Numa
572 969 620 1032 12.
641 1005 678 1013 -
702 965 751 1050 (Ὁ
770 968 900 1051 Νομᾶς)
919 969 958 1031 τὰ
976 967 1086 1050 πένθη

80 1053 150 1122 καθ’
167 1056 298 1140 ἡλιαίας
315 1055 369 1122 καὶ
387 1061 529 1142 χρόνους
543 1055 664 1139 ἔταξεν,
684 1049 757 1122 οἷον
770 1059 871 1122 παῖδα
887 1058 930 1140 μὴ
945 1062 1083 1120 πενθεῖν

79 1147 236 1226 νεώτερον
260 1155 421 1231 τριετοῦς,
450 1141 533 1229 μηδὲ
555 1146 780 1230 πρεσβύτερον
803 1151 957 1222 πλείονας
980 1155 1085 1229 μῆνας

80 1228 122 1299 ὧν
151 1235 290 1318 ἐβίωσεν
315 1233 475 1300 ἐνιαυτῶν
498 1233 592 1319 μέχρι
615 1245 682 1298 τῶν
706 1234 800 1317 δέκα,
826 1232 881 1299 καὶ
904 1233 1084 1319 περαιτέρω

79 1326 237 1408 μηδεμίαν
260 1323 405 1407 ἡλιαίαν·
428 1323 511 1388 ἀλλὰ
534 1332 594 1388 τοῦ
618 1324 821 1407 μακροτάτου
845 1322 992 1399 πένθους
1012 1326 1083 1407 χρό-

77 1435 134 1478 νον
162 1407 249 1477 εἶναι
278 1414 529 1496 δεκαμηνιαῖον,
558 1409 609 1495 ἐφ’
636 1412 717 1478 ὅσον
744 1410 799 1478 καὶ
827 1414 1026 1497 χορεύουσιν
1050 1412 1087 1476 οἱ

77 1512 139 1566 τῶν
163 1501 406 1566 ἀποθανόντων
428 1511 593 1584 γυναῖκες’
616 1500 637 1583 ἡ
661 1498 698 1566 at
716 1504 877 1586 πρότερον
896 1509 1083 1585 γαμηθεῖσα

77 1594 158 1673 βοῦν
183 1589 349 1674 ἐγκύμων
372 1589 534 1655 αατέθυεν
558 1588 687 1673 ἐκείνου
710 1594 1003 1675 νομοθετήσαντος.

163 1676 235 1744 18¹³.
249 1679 323 1743 vat.
331 1680 440 1745 ant-321
454 1676 628 1765 (Ulpianus
639 1680 722 1744 libro
734 1688 846 1744 octavo
858 1683 897 1744 ad
909 1675 1084 1766 edictuml)

77 1764 122 1854 (P.
140 1765 232 1854 308).
255 1803 298 1814 -
323 1767 521 1852 ‘parentem’
551 1767 657 1852 inquit
684 1765 852 1854 (praetor).
898 1770 950 1833 hic
974 1789 1084 1832 omnes

76 1860 224 1939 parente·
263 1857 371 1940 accipe
408 1858 575 1939 utriusque
612 1878 721 1938 sexus,
756 1878 832 1921 nam
864 1858 996 1941 lugendi
1029 1879 1084 1921 eoa

77 1945 262 2010 mulieribus
286 1947 386 2009 moris
410 1952 468 2009 cst.
510 1966 702 2030 quamquam
727 1943 926 2029 Papinianus
950 1945 1032 2009 libro
1051 1944 1084 2009 II

77 2033 310 2110 Quaestionum
343 2033 441 2098 etiam
474 2056 493 2098 a
526 2034 637 2098 liberis
670 2033 772 2097 virilis
806 2056 899 2097 sexus
927 2032 1083 2117 lugendos

77 2144 143 2188 eece
168 2122 269 2206 dicat,
293 2121 379 2205 quod
401 2122 510 2186 nescio
533 2122 590 2186 ubi
616 2122 738 2206 legerit.
780 2122 834 2185 aed
856 2125 1013 2205 quatenus
1034 2143 1084 2184 ex-

76 2211 226 2276 tendatur
247 2215 419 2294 parentum
443 2211 628 2295 appellatio,
652 2233 716 2275 non
740 2215 790 2274 est
814 2210 980 2274 definitum
1000 2211 1084 2292 apud

76 2321 283 2384 quemquam
315 2300 426 2384 itaque
454 2306 548 2363 erunt
574 2300 706 2382 lugendi
734 2302 831 2364 etiam
860 2321 898 2363 ex
926 2298 1084 2362 feminino

76 2409 151 2453 nexu
179 2391 329 2473 parentes
429 2389 560 2472 lugendi
585 2394 692 2453 autem
717 2395 791 2453 sunt
813 2390 965 2472 parentes
989 2408 1084 2468 anno,

76 2477 168 2543 liberi
190 2476 330 2543 maiores
353 2476 384 2541 X
407 2498 566 2541 annorum
589 2499 689 2561 aeque
714 2500 807 2542 anno.
849 2499 943 2561 quem
963 2499 1082 2541 annum

76 2566 182 2632 decem
211 2586 381 2630 mensuum
412 2587 480 2629 ease
504 2565 701 2650 Pomponius
728 2567 786 2649 ait3
813 2588 873 2631 nec
896 2567 965 2631 leve
989 2587 1083 2652 argu·

76 2659 219 2720 mentum
251 2657 302 2719 est
329 2675 450 2718 annum
473 2653 503 2718 X
531 2676 698 2719 mensuum
727 2677 810 2740 esse,
843 2677 917 2719 cum
944 2655 1083 2719 minores

76 2743 166 2808 liberi
194 2747 247 2807 tot
273 2743 438 2806 mensibus
462 2743 664 2826 elugeantur,
694 2750 773 2828 quot
796 2766 953 2808 annorum
978 2744 1084 2808 deces-

77 2832 175 2896 serint
203 2853 304 2915 uaque
331 2831 372 2895 ad
394 2832 576 2913 trimatum3
605 2833 712 2897 minor
735 2833 831 2897 trimo
855 2855 919 2897 nou
944 2834 1084 2916 lugetur,

77 2921 128 2984 aad
159 2920 365 3004 sublugetur3
395 2921 501 2984 minor
530 2921 680 2985 anniculo
703 2943 806 3004 neque
829 2923 959 3006 lugetur
981 2942 1084 3003 neque

77 3009 276 3092 sublngetur.

386 3111 441 3183 [De
459 3112 561 3167 bellicis
579 3113 774 3184 caerimoniae]

165 3213 216 3280 19.
243 3212 353 3278 Livius
374 3213 402 3297 1,
417 3214 470 3295 32,
483 3214 512 3278 5.
540 3249 577 3260 -
604 3219 640 3278 ut
662 3217 781 3295 tamen,
805 3213 955 3296 quoniam
977 3208 1086 3273 Numa

78 3302 109 3366 in
135 3324 215 3387 pace
241 3301 416 3386 religiones
439 3303 647 3383 inst'tuiaset,
675 3324 695 3365 a
719 3324 753 3365 se
776 3300 910 3366 bellicae
934 3299 1084 3363 caerimo-

79 3393 146 3456 niae
169 3391 395 3476 proderentur,
418 3411 476 3456 nac
500 3395 686 3475 gererentur
709 3391 811 3454 solum
836 3387 892 3454 sed
915 3387 1014 3453 etiam
1037 3387 1084 3454 in-

146 3551 266 3616 1·negat
284 3547 320 3602 F.
