2422 3840
89 139 153 205 168
190 138 237 194 vr.
262 138 396 195 ocravr
414 135 511 193 snae.
529 136 626 192 mars
646 134 819 194 consum.
837 135 964 192 suams
982 123 1104 192 sarna

183 307 279 367 Servii
297 324 473 383 responsum
492 306 620 365 fortasse
641 304 679 364 ad
698 323 763 363 eam
782 305 1043 383 consultationem,
1067 307 1104 364 de

94 399 219 474 quaest
238 397 273 456 fr.
294 399 323 470 3,
346 395 486 470 pertinet.
527 394 632 452 matris
652 396 683 452 et
700 393 779 452 filiae
797 395 919 453 nomina
937 387 1103 470 (‘Maevia',

92 475 238 565 ‘Fulvia’)
263 503 281 542 a
302 483 427 542 Neratio
451 483 550 542 deleta
571 483 713 541 videntur
736 499 808 568 esse,

180 595 210 660 5.
237 593 277 659 D.
296 595 348 678 28,
363 593 393 678 5,
406 591 459 658 45.
487 591 622 656 Alfenus
645 591 729 656 libro
753 591 865 677 quinto
889 591 1103 676 Digestorum

93 680 143 770 (P.
164 681 229 770 19).
274 682 371 747 Pater
398 681 540 745 familias
567 684 764 745 testamento
791 681 872 745 duos
894 680 1032 746 heredes
1055 682 1103 744 in-

51 827 52 830 ,
95 771 254 836 stituerat.
291 793 346 835 eos
369 774 616 834 monumentum
638 769 745 834 facere
768 770 908 833 iusserat
929 769 964 833 in
987 769 1104 834 diebus

94 860 199 943 certis,
219 860 331 924 deinde
350 859 397 923 ita
413 860 598 943 scripserat:
622 857 688 941 ‘qui
707 879 816 922 eorum
834 879 902 922 non
919 858 966 921 ita
981 857 1105 942 lecerit,

95 970 209 1014 omnes
247 948 419 1013 exheredes
461 946 586 1011 sunto':
634 947 716 1010 alter
755 945 848 1010 heres
888 946 1105 1011 hereditatem

94 1039 369 1121 praetermiserat,
400 1036 542 1119 reliquus
569 1034 662 1099 heres
693 1035 897 1120 consulebat,
928 1056 1001 1099 cum
1035 1035 1106 1120 ipse

95 1130 339 1190 monumentum
364 1123 584 1207 exstruxisset,
607 1124 763 1207 numquid
782 1123 888 1187 minus
906 1123 1000 1187 heres
1019 1129 1108 1189 esset

96 1216 137 1280 ob
153 1236 224 1278 eam
239 1236 317 1299 rem,
335 1214 419 1298 quod
435 1213 565 1277 coheres
585 1212 651 1276 eius
670 1211 881 1276 hereditatem
894 1233 959 1276 non
975 1212 1108 1279 adisset.

96 1303 264 1388 respondit
287 1302 448 1366 neminem
473 1323 511 1364 ex
535 1300 668 1364 alterius
691 1301 778 1364 facto
802 1299 975 1365 hereditati
1001 1323 1108 1386 neque

97 1392 228 1477 alligari
250 1413 354 1475 neque
377 1388 563 1454 exheredari
586 1411 694 1474 posse,
723 1389 777 1453 sed
800 1390 850 1452 uti
873 1389 1008 1474 quisque
1034 1411 1109 1454 con·

97 1481 256 1544 dicionem
279 1479 459 1562 implesset,
489 1479 635 1561 quamvis
663 1498 757 1542 nemo
782 1476 904 1542 adisset
926 1481 1110 1562 praeterea,

95 1571 301 1632 tamencum
325 1567 475 1630 heredem
500 1588 578 1630 esse.

185 1686 323 1747 Servium
337 1687 373 1746 de
388 1687 520 1747 cretione
533 1686 643 1745 dixisse
657 1686 780 1745 Pernice
794 1685 894 1746 Labeo
908 1686 956 1745 III
970 1707 998 1762 p.
1009 1690 1054 1748 43
1065 1708 1109 1766 sq.

95 1775 182 1836 vidit.
231 1777 268 1835 cf.
292 1775 356 1835 Gai.
376 1776 419 1852 11,
444 1779 520 1836 174:
552 1775 704 1834 interdum
731 1775 805 1835 duos
827 1775 965 1850 pluresve
993 1777 1111 1853 gradus

97 1864 241 1923 heredum
264 1865 400 1942 facimus,
422 1866 478 1924 boc
502 1865 603 1923 modo:
628 1857 792 1923 ‘Mitius
814 1864 900 1923 heres
924 1867 987 1925 esto
1011 1866 1109 1925 cerui·

96 1956 189 2029 toque
212 1953 244 2012 in
267 1954 372 2014 diebus
395 1947 560 2030 (centum)
583 1951 725 2027 proximis
749 1953 857 2029 quibus
881 1952 955 2012 scies
978 1955 1112 2029 poteris-

98 2062 164 2119 que.
216 2044 327 2120 quodni
357 2043 401 2101 ita
429 2042 571 2114 treverio,
604 2042 727 2099 exheres
755 2044 828 2101 esto.
877 2043 943 2100 tum
971 2042 1109 2102 Maevius

99 2133 185 2190 heres
200 2135 264 2192 esto
282 2133 456 2207 cernitoque
470 2131 502 2189 in
515 2129 621 2188 diebus
636 2123 768 2188 centum'
782 2130 950 2205 etreliqua.
976 2130 1018 2208 II,
1030 2134 1111 2191 164:

98 2221 248 2279 extraneis
276 2220 436 2279 heredibus
460 2219 537 2278 solet
560 2217 651 2277 cretio
675 2217 753 2296 dari,
780 2217 812 2276 id
835 2221 882 2276 est
903 2217 971 2278 finis
994 2219 1109 2279 delibe-

10 2339 12 2344 v
96 2308 193 2386 randi,
217 2312 251 2367 ut
273 2309 353 2367 intra
372 2311 488 2366 certum
506 2309 625 2382 tempus
645 2306 694 2364 vel
713 2307 823 2365 adeant
840 2307 1041 2368 hereditatem
1059 2309 1110 2369 vel

97 2397 123 2456 si
145 2416 205 2456 non
228 2397 346 2471 adeant,
369 2395 514 2470 temporis
536 2394 595 2453 fine
618 2397 872 2455 summoveantur.

186 2515 215 2580 6.
239 2514 278 2579 D.
294 2513 347 2598 35,
362 2515 458 2597 aar.
492 2511 626 2577 Alfenus
645 2511 752 2577 Varus
771 2514 856 2578 libro
876 2514 987 2598 quinto
1008 2514 1111 2600 Dige-

97 2606 221 2668 storum
247 2602 295 2685 (P.
311 2598 394 2684 21b).
431 2601 470 2665 ln
493 2605 687 2666 testamento
712 2601 844 2685 quidam
867 2603 1049 2686 scripserat,
1072 2608 1111 2669 ut

98 2691 161 2755 sibi
192 2695 436 2754 monumentum
469 2691 509 2754 ad
545 2691 726 2775 exemplum
759 2691 840 2772 eius,
873 2690 958 2775 quod
989 2693 1024 2756 in
1056 2693 1111 2757 via

98 2778 224 2844 Salaria
256 2785 342 2844 esset
373 2778 478 2843 Publii
511 2776 660 2862 Septimii
691 2777 863 2861 Demetrii,
900 2780 1005 2844 fieret:
1041 2782 1108 2846 nisi

97 2867 220 2932 factum
243 2873 341 2952 esset,
367 2867 499 2932 heredes
523 2889 641 2952 magna
664 2869 799 2952 pecunia
822 2869 985 2932 multarat.
1032 2891 1107 2934 cum

99 2956 132 3020 id
155 2963 397 3021 monumentum
420 2956 527 3020 Publii
545 2954 693 3041 Septimii
713 2956 870 3020 Demetrii
892 2957 1016 3022 nullum
1037 2980 1110 3043 rep-

98 3045 297 3129 periebatur,
321 3046 377 3110 sed
398 3043 506 3109 Publii
529 3041 677 3129 Septimii
699 3044 823 3109 Damae
847 3049 929 3129 erat,
958 3046 999 3109 ad
1022 3047 1109 3131 quod

99 3135 282 3219 exemplum
306 3134 532 3218 suspicabatur
558 3155 632 3196 eum
655 3133 710 3216 qui
733 3137 963 3198 testamentum
986 3134 1110 3200 fecerat

100 3228 345 3288 monumentum
375 3223 438 3286 sibi
460 3221 530 3285 fieri
553 3221 708 3306 voluisse,
741 3223 938 3306 quaerebant
965 3222 1110 3307 heredes,

100 3311 280 3376 cuiusmodi
303 3314 547 3374 monumentum
570 3331 604 3374 se
627 3311 732 3375 facere
755 3314 919 3394 oporteret
943 3314 989 3394 et,
1016 3314 1045 3377 si
1068 3314 1109 3378 ob

101 3421 172 3464 eam
191 3423 259 3464 rem
277 3400 404 3464 nullum
423 3402 664 3463 monumentum
683 3399 844 3485 fecissent,
862 3399 937 3484 quia
955 3422 1021 3465 non
1041 3423 1110 3484 rep·

98 3488 256 3571 perirent,
291 3487 331 3551 ad
364 3487 449 3572 quod
482 3487 663 3571 exemplum
695 3488 853 3567 facerent,
890 3509 969 3553 num
1001 3511 1107 3574 poena
