2422 3840
313 148 339 198 8.
364 141 517 198 SERVIUS
536 140 719 198 SULPICIUS
738 141 856 199 RUFUS
1027 143 1089 206 177

168 305 239 372 31?
263 303 301 370 D.
316 306 369 386 34,
383 307 413 391 2,
427 306 480 372 28.
510 305 643 370 Alfenus
658 304 765 370 Varus
782 306 865 370 libro
881 307 1018 389 septimo
1033 306 1090 371 Di-

79 399 252 482 gestorum
267 392 315 478 (P.
325 391 413 479 29b).
445 393 527 460 Dum
543 394 578 458 in
592 398 786 459 testamento
802 395 896 458 alicui
910 400 1090 480 argentum,

79 483 166 566 quod
189 504 270 548 usus
289 484 339 547 sui
357 505 453 548 causa
472 487 622 567 paratum
641 489 734 568 esset,
756 483 926 567 legaretur,
949 485 1090 568 itemque

79 571 183 656 <alii>
204 571 305 637 vestis
325 575 381 636 aut
400 572 553 657 supellex,
572 572 752 655 quaesitum
769 579 825 651 est,
847 572 920 655 quid
937 571 1089 657 cuiusque

78 683 157 726 usus
172 660 444 726 causavideretur
458 665 606 744 paratum
617 681 694 742 esse,
709 664 859 724 utrumne
869 660 901 723 id
912 665 1090 745 argentum,

78 752 166 834 quod
189 750 308 830 [victus
328 749 377 812 sui
397 771 495 815 causa
513 750 678 832 paratum]
697 754 789 832 pater
803 748 942 812 familias
958 749 997 813 ad
1013 751 1090 814 coti-

80 838 214 904 dianum
238 859 332 902 usum
355 842 503 922 parasset
526 860 567 902 an
592 841 624 901 et
648 838 676 902 si
699 859 753 902 eas
773 860 900 902 mensas
921 842 1090 923 argenteas

80 931 114 991 et
134 927 204 991 eius
222 927 351 1011 generis
371 931 540 1010 argentum
558 926 701 1008 haberet,
720 947 783 1011 quo
801 927 871 1011 ipse
890 949 956 991 non
969 929 1090 990 temere

77 1020 233 1101 uteretur,
254 1015 309 1078 sed
328 1015 531 1080 commodare
551 1015 590 1078 ad
609 1015 702 1079 ludos
718 1019 750 1079 et
765 1015 804 1079 ad
819 1019 941 1080 ceteras
957 1038 1091 1100 appara·

77 1104 186 1169 tiones
211 1103 338 1168 soleret
379 1108 413 1168 et
434 1106 539 1187 magis
561 1104 675 1186 placet,
699 1104 784 1189 quod
803 1105 907 1168 victus
927 1106 977 1167 sui
995 1126 1091 1169 causa

77 1197 232 1277 paratum
255 1195 318 1276 est,
340 1194 467 1258 tantum
492 1192 657 1256 contineri.

170 1302 272 1363 Verba
287 1298 393 1382 ‘magis
406 1298 518 1380 placet’
531 1323 592 1363 non
606 1303 716 1381 Alfeni,
736 1302 788 1362 sed
801 1303 890 1362 Pauli
904 1322 967 1364 esse
981 1305 1088 1365 iudico.

78 1393 209 1453 Alfenus
232 1393 361 1453 fortasse
385 1393 506 1468 scripsit
528 1387 571 1451 ‘et
595 1392 700 1452 Servio
722 1386 849 1468 placuit'
876 1394 925 1453 vel
951 1387 1089 1454 ‘Servius

78 1481 178 1559 magis
206 1500 272 1541 esse
298 1475 451 1557 putabat'.
497 1481 533 1540 cf.
557 1481 592 1539 D.
614 1485 669 1557 19,
691 1484 722 1554 1,
744 1475 1001 1558 13,10'‘magis
1025 1502 1088 1543 esso

78 1570 204 1630 Seruius
226 1565 375 1647 putabat'.

171 1680 224 1744 32.
260 1679 299 1746 D.
318 1681 370 1762 34,
389 1680 419 1766 2,
442 1680 494 1763 39,
512 1681 543 1745 2.
586 1678 757 1744 Iavolenus
781 1680 864 1744 libro
889 1682 1026 1745 secundo
1050 1704 1088 1746 ex

79 1768 317 1852 posterioribus
358 1768 518 1832 Labeonis
556 1767 604 1853 (P.
637 1765 724 1854 185).
792 1767 907 1832 Ateius
945 1768 1090 1834 Servium

78 1857 827 2030 {tillidistilallltttbtdtl
840 1857 1090 2030 lteiuifllli

80 2037 257 2118 antequam
292 2039 470 2099 moreretur
502 2056 541 2098 ex
574 2035 653 2098 urbe
685 2034 719 2097 in
751 2033 969 2097 Tusculanum
1001 2036 1091 2099 iussu

79 2123 250 2189 testatoris
273 2123 467 2188 translatum
491 2127 584 2207 esset,
608 2122 730 2187 deberi:
756 2126 869 2186 contra
891 2120 970 2200 fore,
995 2122 1022 2186 si
1040 2122 1089 2186 in-

78 2212 172 2276 iussu
194 2212 391 2277 translatum
414 2215 507 2276 esset.

171 2301 224 2366 33.
260 2299 298 2366 D.
318 2300 429 2383 34,2,
454 2301 509 2385 19,
529 2301 580 2365 17.
629 2298 790 2383 Ulpianus
823 2300 907 2363 libro
937 2299 1089 2364 vicesimo

79 2388 122 2453 ad
142 2386 299 2453 Sabinum
314 2388 363 2473 (P.
374 2385 485 2474 2606).
518 2387 711 2454 Gammae..
727 2392 802 2452 sunt
820 2388 1002 2471 perlucidae
1023 2411 1090 2452 ma-

79 2478 192 2559 teriae,
215 2499 309 2562 quas,
331 2484 368 2542 ut
390 2476 490 2542 refert
514 2475 654 2542 Sabinus
679 2527 744 2560 ...,
772 2477 901 2542 Servius
926 2499 945 2540 a
967 2477 1089 2562 lapillis

80 2588 119 2630 eo
143 2566 377 2650 distinguebat,
406 2566 490 2650 quod
515 2586 661 2651 gemmae
685 2572 792 2631 essent
819 2566 999 2649 perlucidae
1023 2589 1089 2631 ma·

79 2655 196 2739 terias,
229 2656 319 2719 velut
352 2654 513 2739 smaragdi
542 2655 734 2740 chrysolithi
768 2655 954 2738 amethysti,
985 2655 1090 2740 lapilli

80 2747 190 2807 autern
219 2743 401 2809 contrariae
432 2743 648 2827 superioribus
680 2748 827 2826 naturae,
860 2749 897 2807 ut
928 2743 1090 2808 obsidiani

78 2833 250 2897 veientani.

418 2944 462 2999 Dc
478 2945 639 3013 supellectili
657 2945 754 3013 leuata.

169 3053 238 3119 34?
265 3051 304 3118 D.
319 3053 370 3137 33,
387 3052 438 3136 10,
453 3053 481 3117 6.
510 3053 644 3118 Alfenus
663 3053 746 3116 libro
766 3053 862 3116 tertio
881 3051 1089 3135 Digestorum

79 3165 100 3207 a
122 3142 227 3207 Paulo
252 3141 500 3225 epitomatorum
525 3139 572 3225 (P.
592 3139 657 3226 60).
703 3138 918 3223 Supellectilis
943 3163 995 3205 eas
1020 3163 1089 3205 esse

80 3252 131 3294 res
161 3232 283 3315 [puto],
310 3252 390 3315 quae
419 3231 459 3294 ad
482 3253 574 3295 usum
599 3250 800 3294 communem
823 3228 1088 3312 patrisfamilias

79 3325 214 3404 paratae
239 3322 355 3401 essent,
379 3341 460 3403 quae
481 3341 598 3383 nomen
618 3318 667 3382 sui
686 3318 812 3402 generis
832 3317 1005 3399 separatim
1024 3339 1089 3382 non

79 3408 256 3473 haberent:
285 3428 381 3490 quare
410 3429 491 3491 quae
519 3408 559 3471 ad
586 3407 715 3471 artificii
738 3426 837 3490 genus
862 3405 993 3489 aliquod
1015 3428 1089 3490 per-

81 3497 225 3562 tinerent
257 3518 360 3581 neque
392 3495 432 3560 ad
466 3518 666 3561 communem
699 3517 793 3560 usum
819 3495 922 3581 patris
949 3495 1094 3560 familias

130 3611 225 3656 Iurrrpr.
239 3609 355 3649 antehadr.
370 3591 420 3650 rell.
436 3611 472 3652 cd.
486 3611 591 3657 Bremer.
857 3605 897 3656 Ὠ.
