2422 3840
94 161 140 224 54
176 160 223 218 lv.
244 160 390 216 SEPTIMI
406 159 505 219 SAEO.
518 161 615 217 IURIS
631 161 803 217 CONSULT.
818 161 944 217 SERIES
958 161 1108 218 ALTERA

97 330 191 390 Lucio
224 329 320 409 Titio,
357 330 440 388 dedit
476 329 555 390 dotis
591 330 709 390 nominc
746 333 865 389 centum
902 333 932 389 et
968 330 1109 391 adhibuit

99 418 244 489 Quintum
266 418 411 496 Mucium,
435 419 488 495 qui
510 419 612 478 dotem
635 418 835 494 adstipulatus
860 412 925 478 est'

184 508 368 566 Modestinus
410 508 448 565 ad
484 506 516 577 Q.
549 507 681 566 Mucium
718 507 811 566 libros
848 507 1001 583 scripsisse
1038 508 1107 568 ideo

95 596 262 674 videbatur,
285 596 364 673 quod
387 597 625 672 fragmentorum
647 596 833 672 quorundam
855 597 887 655 in
909 595 1038 674 Digesta
1060 617 1107 656 re·

96 689 251 762 ceptorum
273 684 428 760 inscriptio
453 687 594 761 corrupta
617 691 670 744 est.
711 703 759 743 res
783 685 862 744 enim
885 685 927 744 sic
951 685 1106 756 sehabet.

94 775 131 835 D.
146 776 198 852 41,
215 776 241 846 1,
259 775 300 833 52
319 773 432 850 legitur
450 766 646 833 ‘Modestinus
664 773 741 833 libro
761 774 886 848 septimo
905 769 1106 852 regularum’3

96 866 264 941 sequuntur
286 862 345 920 duo
369 862 538 938 fragmenta
562 855 612 941 (D.
634 864 687 938 41,
708 865 735 939 1,
754 864 797 923 43
821 866 851 921 et
875 853 932 943 54)
959 863 1108 940 inscripta

94 946 192 1011 ‘Idem
215 951 293 1010 libro
316 954 425 1026 quarto
447 951 560 1010 decimo
580 952 618 1009 ad
636 950 778 1021 Quintum
797 945 941 1010 Mucium'
960 954 992 1010 et
1009 945 1106 1012 ‘Idem

95 1041 173 1100 libro
203 1040 380 1118 trigensimo
407 1039 504 1115 primo
533 1039 571 1098 ad
599 1038 742 1109 Quintum
769 1034 922 1099 Mucium'.
973 1059 1105 1100 errorem

95 1129 251 1205 scriptoris
287 1127 374 1187 hodie
412 1147 513 1188 omnes
546 1132 725 1205 agnoscunt:
761 1128 860 1203 priore
892 1129 956 1187 loco
990 1122 1106 1189 ‘Idem'

94 1236 251 1294 perperam
270 1235 325 1292 pro
344 1217 501 1293 Pomponii
519 1218 638 1275 nomine
658 1218 803 1293 scriptum
821 1219 875 1276 est.
915 1217 951 1277 cf.
966 1217 1106 1296 Krucgcr

95 1328 123 1383 p.
151 1308 229 1383 227,
248 1308 299 1365 20.
344 1308 375 1363 in
403 1305 563 1364 Modestini
589 1306 736 1365 librorum
761 1306 938 1383 fragmentis
962 1305 994 1376 Q.
1013 1307 1106 1366 Mucii

94 1413 242 1472 nusquam
261 1412 370 1453 nomen
388 1395 550 1469 reperitur3
569 1398 602 1454 at
616 1394 758 1454 Scaevola
774 1395 866 1453 semel
880 1386 994 1475 (l).49,
1007 1398 1059 1472 15,
1070 1388 1104 1476 4)

93 1484 243 1559 laudatur,
262 1483 346 1557 isque
364 1482 486 1542 insolita
505 1483 622 1541 ratione
641 1503 700 1543 non
718 1481 884 1559 Carsidius,
903 1484 955 1542 sed
972 1482 1103 1553 Quintus

93 1572 211 1631 Mucius
238 1570 450 1649 intelligendus
477 1574 530 1631 est.
577 1571 769 1648 desumptum
792 1576 838 1631 est
860 1572 1063 1650 fragmentum
1087 1592 1103 1633 e

93 1661 278 1737 Regularum
304 1660 382 1719 libro
410 1660 501 1720 tertio
530 1664 600 1737 post
624 1659 795 1720 caracallae
823 1664 950 1719 mortem
978 1662 1105 1740 scripto.

183 1747 296 1818 Quarto
325 1751 457 1825 saeculo,
484 1767 553 1808 cum
580 1749 704 1826 antiqua
730 1767 778 1808 res
806 1749 927 1824 publica
953 1749 1103 1828 interiret,

96 1838 292 1897 Mamertinus
324 1838 444 1915 quidem
474 1839 567 1913 idem,
600 1839 650 1915 qui
678 1838 783 1897 Manili
814 1838 989 1897 memoriam
1019 1858 1104 1900 revo-

47 1945 50 1952 ·
95 1926 185 2004 cavit,
208 1926 299 1986 etiam
317 1927 450 1986 Mucium
468 1926 611 1986 Scaevola
631 1927 736 1986 laudat
753 1929 830 2004 grat.
849 1931 904 1986 act.
924 1926 1041 1988 Iuliano
1062 1931 1104 1988 20

95 2009 196 2096 (buris
224 2016 320 2075 civilis
344 2016 512 2093 scientiam,
540 2034 616 2093 quae
640 2015 779 2074 Manilios
803 2015 960 2075 Scaevolas
984 2014 1104 2077 Servios

93 2105 125 2163 in
152 2105 368 2181 amplissimum
396 2105 523 2180 gradum
551 2104 706 2182 dignitatis
735 2096 878 2184 evexit’),
909 2103 961 2163 sed
988 2125 1014 2164 a.
1039 2107 1102 2166 396

94 2193 243 2252 Arcadius
271 2197 302 2252 et
328 2193 479 2251 Honorius
507 2184 553 2272 (O.
574 2192 628 2250 Tb.
648 2194 677 2268 4,
696 2195 725 2270 4,
744 2191 776 2265 3)
805 2192 975 2252 Cervidium
1002 2194 1103 2270 potius

94 2282 182 2340 illum
200 2280 374 2340 Scaevolam
397 2274 674 2355 ‘prudentissimum
692 2281 766 2340 iuris
786 2274 968 2340 consultum’
990 2281 1104 2360 dicunt,

95 2377 125 2428 et
157 2370 261 2429 eodem
292 2372 354 2427 fere
386 2372 520 2443 tempore
547 2367 736 2446 Augustinus
770 2369 805 2429 de
838 2370 893 2430 civ.
926 2370 974 2429 dei
1003 2373 1038 2446 4,
1062 2373 1102 2431 27

94 2458 227 2517 Mucium
246 2456 420 2516 Scaevolam
441 2476 501 2516 non
518 2457 594 2515 iuris
613 2459 792 2535 consultum,
816 2458 868 2518 sed
887 2452 1104 2518 ‘doctissimum

95 2539 279 2622 pontificem'
299 2545 441 2621 appellat,
460 2546 565 2622 quide
584 2545 708 2607 deorum
721 2547 880 2623 generibus
894 2546 1104 2623 disputaverit

185 2634 384 2692 'tribonianus
417 2652 485 2692 cum
512 2634 638 2713 Digesta
666 2639 869 2713 componeret,
899 2655 971 2694 num
1001 2636 1105 2706 Quinti

95 2722 187 2782 Mucii
210 2722 284 2781 iuris
308 2722 403 2781 civilis
427 2727 457 2781 et
479 2723 576 2783 Laelii
594 2724 701 2784 Felicis
722 2723 836 2801 Gaique
860 2724 898 2784 ad
917 2724 950 2795 Q.
970 2725 1105 2786 Mucium

94 2813 144 2872 vel
171 2831 209 2887 en
230 2809 264 2879 Q.
284 2811 382 2870 Mucio
409 2811 504 2871 factos
532 2813 626 2872 libros
653 2813 806 2890 habuerit,
833 2814 995 2873 nescimus:
1024 2818 1105 2874 certe

95 2901 179 2959 nullo
203 2918 305 2958 eorum
327 2918 400 2958 usus
424 2904 477 2959 est.
519 2905 653 2960 attamen
675 2900 707 2970 Q.
727 2901 818 2960 Mucii
840 2903 917 2961 libro
941 2900 1020 2981 ὅρων
1040 2904 1104 2962 Tri·

94 2988 242 3049 bonianus
264 3007 337 3047 usus
359 2989 499 3049 videatur
522 3009 601 3066 esse,
625 3010 692 3049 cum
716 2993 746 3049 et
768 2991 912 3050 nonnulla
934 2991 1106 3069 fragmenta

96 3078 159 3136 eius
187 3077 219 3135 in
241 3077 375 3155 Digestis
400 3079 536 3154 legamus
559 3083 590 3137 et
612 3078 701 3137 index
723 3079 916 3138 Florentinus
939 3079 1008 3138 libri
1031 3081 1105 3140 titu-

96 3167 160 3224 lum,
184 3166 329 3226 exhibeat.
374 3166 469 3226 nihilo
492 3168 590 3226 minus
614 3168 717 3244 quaeri
740 3171 847 3243 potest,
873 3171 976 3227 utrum
1000 3168 1105 3229 Tribo-

96 3256 205 3314 nianus
236 3274 269 3313 re
302 3273 372 3313 vera
403 3257 482 3313 hunc
515 3254 548 3324 Q.
572 3256 663 3315 Mucii
695 3257 806 3315 librum
838 3257 992 3333 habuerit,
1026 3258 1106 3336 quod

96 3343 234 3421 Krueger
256 3364 284 3419 p.
305 3345 367 3403 327
393 3344 553 3421 contendit,
577 3363 615 3402 an
639 3363 708 3403 eum
730 3363 761 3404 se
782 3346 892 3405 habere
911 3345 1106 3425 simulaverit,
1133 3348 1140 3365 ⁸

96 3451 165 3490 oum
188 3452 223 3490 ex
245 3436 434 3508 posterorum
457 3433 541 3491 libris
562 3433 716 3492 Mucianae
740 3435 904 3494 sententias
928 3434 1105 3509 desumeret‚

89 3522 177 3595 ‹quod
205 3521 256 3580 alii
284 3520 342 3581 viri
370 3521 451 3581 docti
473 3524 590 3598 putant,
636 3541 684 3581 res
708 3527 786 3582 certe
810 3523 969 3582 diiudicari
991 3524 1106 3603 nequit.
