2422 3840
98 169 139 232 72
175 170 222 224 IV.
245 168 391 225 SEPTlMl
405 170 503 225 SAEC.
518 169 614 226 IURIS
634 170 807 227 consum.
822 171 945 227 SERIES
960 171 1109 256 ALTERA

96 339 257 416 reperitur,
289 339 418 398 fortasse
449 357 509 398 non
541 356 612 398 easu
641 339 683 398 fit.
734 340 776 398 eis
804 340 883 399 enim
908 342 1109 420 temporibus,

97 427 206 504 quibus
227 427 360 486 familiae
384 430 501 503 emptor
523 427 640 487 heredis
664 427 762 487 locum
785 429 941 489 obtinebat
964 433 995 489 et
1019 432 1056 490 ob
1076 432 1108 490 id

96 515 124 575 ei
142 516 304 576 mandabat
324 519 460 588 testator,
484 516 556 592 quid
575 517 684 593 unique
701 520 771 592 post
788 521 916 577 mortem
935 536 1023 578 suam
1041 519 1107 578 dari

96 604 188 664 vellet
216 598 295 687 (Grai.
319 605 363 681 Π,
385 600 476 683 103),
508 604 626 663 nullum
657 605 715 664 nisi
742 605 942 666 damnationis
970 608 1107 684 legatum

94 693 195 752 loeum
216 693 357 753 habuisse
381 696 518 769 apertum
541 698 594 752 est.

185 781 229 840 De
260 782 410 841 libertatis
442 781 560 841 datione
588 781 706 842 Munius
740 787 819 842 certe
848 783 935 842 dixit:
969 788 1001 843 at
1029 786 1107 845 hane

96 870 248 930 dationem
266 890 284 929 a
302 871 402 947 legato
421 870 570 929 diversam
589 871 725 930 habitam
744 891 808 931 esse
828 871 921 932 Gaius
934 872 974 951 Il,
987 875 1051 933 229
1063 893 1106 951 sq.

95 959 143 1018 his
174 959 273 1019 verbis
306 958 407 1018 donet:
441 951 521 1017 ‘ante
553 959 671 1019 heredis
703 960 924 1021 institutionem
955 962 1105 1022 inutiliter

95 1049 216 1124 legatur
235 1095 240 1106 .
257 1095 262 1107 .
278 1095 284 1106 .
303 1048 370 1123 pari
392 1048 507 1107 ratione
530 1067 584 1107 nee
607 1047 731 1108 libertas
756 1051 825 1130 ante
846 1050 964 1109 heredis
983 1052 1071 1112 instit
1092 1081 1103 1093 -

94 1137 209 1196 tionem
228 1136 293 1195 dari
311 1129 432 1213 potest'
465 1136 557 1195 etiam
576 1137 611 1195 de
631 1140 715 1196 statu
733 1138 827 1197 libero
845 1139 979 1198 Munium
995 1140 1104 1200 dixisse

95 1225 224 1303 legimus
239 1218 288 1305 (D.
304 1226 356 1302 40,
373 1229 400 1303 7,
417 1227 522 1303 29pr,
539 1230 571 1301 13
591 1227 642 1304 39,
658 1229 686 1303 5,
703 1229 731 1304 9,
747 1222 790 1304 2).
814 1231 846 1286 at
861 1227 937 1287 iuris
951 1229 1103 1289 consultos

94 1314 179 1390 prius
203 1313 370 1390 admisisse,
399 1331 501 1374 servos
524 1318 705 1374 testamento
729 1316 784 1374 sub
809 1317 911 1392 aliqua
934 1318 1104 1377 eondieione

95 1402 206 1461 liberos
235 1420 299 1461 esse
326 1402 430 1461 iubere
458 1421 549 1478 quam
574 1423 637 1462 rem
661 1403 716 1462 sub
740 1396 910 1464 condicione
933 1425 988 1482 per
1008 1406 1105 1467 vindi-

96 1491 243 1550 cationem
266 1491 380 1568 legare,
403 1490 483 1550 idem
506 1489 600 1550 Gaius
622 1491 662 1564 H,
682 1495 746 1552 200
769 1493 895 1568 indicat,
919 1495 1028 1571 quippe
1053 1496 1104 1571 qui

96 1578 177 1656 qnod
199 1579 244 1638 ita
265 1598 319 1655 per
341 1579 573 1640 vindicationem
595 1581 730 1657 legatum
753 1586 807 1660 est,
833 1582 979 1657 pendente
1003 1583 1104 1643 eondi-

95 1668 179 1727 oione
211 1661 356 1744 ‘exemplo
389 1671 471 1728 statu
503 1662 603 1728 liberi'
635 1670 804 1729 habendum
836 1689 899 1730 esse
928 1671 1104 1733 Sabinianos

95 1759 204 1832 putare
227 1757 329 1817 tradit.
375 1759 410 1817 ef.
434 1757 546 1816 librum
568 1758 604 1816 X.

184 1844 269 1904 Inter
286 1865 436 1921 personas,
457 1846 565 1925 quibus
583 1848 710 1924 legatur,
729 1847 859 1923 primum
878 1849 958 1925 apud
972 1849 1106 1908 Mucium

95 1933 194 1994 loeum
226 1935 343 1994 obtinet
374 1955 449 1996 uxor
479 1936 528 1995 vel
561 1936 802 2010 materfamilias3
834 1940 955 2013 praeter
980 1957 1107 1998 uxorem

94 2022 287 2082 nominantur
315 2018 456 2101 ‘mulier',
484 2025 516 2083 id
543 2029 589 2083 est
616 2024 740 2102 liberta,
769 2029 798 2084 et
826 2026 929 2085 Attius
958 2019 1106 2087 ‘amiens'.

182 2111 266 2173 Inter
302 2131 350 2172 res
382 2113 469 2173 uxori
501 2114 617 2188 legatas
650 2131 701 2172 eae
735 2113 871 2190 inprimis
905 2115 1106 2188 nominantur,

94 2219 172 2277 qnae
199 2201 299 2261 uxoris
328 2220 419 2261 eausa
445 2203 552 2277 parata
578 2203 657 2259 sunt.
702 2201 738 2260 D.
758 2204 809 2277 34,
830 2205 857 2279 2,
878 2205 919 2262 10
944 2197 998 2283 (‘si
1019 2211 1108 2280 pater

93 2289 223 2349 familias
251 2290 337 2348 uxori
365 2308 418 2349 vas
446 2292 500 2348 aut
525 2288 739 2349 vestimentum
766 2293 820 2351 aut
845 2291 1000 2368 quippiam
1023 2293 1107 2352 aliud

93 2377 138 2437 ita
164 2379 290 2454 legavit:
318 2378 400 2454 quod
427 2378 491 2436 eius
519 2396 609 2437 eausa
634 2384 768 2455 emptum
791 2383 968 2456 paratumve
992 2374 1108 2458 esset').

93 2465 130 2525 D.
155 2468 209 2539 34,
231 2469 264 2543 2,
284 2466 325 2525 34
345 2485 388 2540 pr.
417 2460 470 2547 (‘si
497 2485 604 2525 aurum
632 2486 718 2528 suum
748 2487 833 2528 omne
860 2473 948 2545 pater
974 2470 1108 2530 familias

93 2557 179 2614 uxori
209 2573 281 2612 suae
309 2546 480 2635 legasset');
503 2551 560 2630 §1
587 2548 641 2638 (‘si
663 2557 790 2616 maritus
813 2557 899 2616 uxori
924 2604 952 2618 ..
976 2558 1110 2637 legasset

93 2643 149 2702 ita:
182 2661 290 2701 aurum
322 2644 530 2720 quodcumque
562 2645 663 2704 uxoris
696 2664 787 2705 eausa
818 2649 958 2721 paratum
986 2640 1110 2730 esset');

95 2729 114 2806 ἓ
145 2734 163 2791 2
202 2723 254 2813 (‘si
290 2730 335 2789 ita
370 2732 500 2809 legasset
532 2735 630 2792 uxori:
668 2753 775 2792 aurum
808 2733 887 2811 quod
920 2736 984 2795 eius
1017 2755 1111 2796 eausa

94 2824 234 2896 paratum
267 2814 358 2898 erit').
410 2821 448 2880 ad
479 2840 527 2881 res
560 2824 644 2881 uxori
675 2824 834 2898 praeeipue
867 2825 983 2900 legatas
1016 2827 1109 2884 etiam

94 2928 205 2985 penum
227 2908 377 2983 pertinere
401 2914 534 2987 apparet,
558 2910 593 2969 de
617 2931 677 2988 qua
694 2911 826 2970 Mucium
844 2913 940 2971 fusius
960 2918 1109 2974 tractasse

94 2995 270 3056 videbimus.
315 2998 401 3058 uxori
428 3007 530 3058 autem
556 3018 616 3059 non
644 3000 740 3059 solum
768 3000 823 3060 has
850 3019 912 3079 res,
940 3003 992 3060 sed
1016 3005 1109 3062 etiam

94 3085 288 3162 partitionem
315 3086 417 3163 legare
445 3088 477 3146 in
503 3106 561 3146 usu
590 3088 682 3147 fuisse
710 3088 744 3148 D.
766 3091 822 3166 32,
843 3092 930 3164 29,1
962 3091 1110 3169 ostendit3

95 3173 148 3234 sed
175 3173 210 3233 de
237 3175 293 3234 hoe
322 3177 454 3235 Mucium
482 3175 541 3235 alio
570 3176 649 3253 loeo,
676 3178 817 3236 nimirum
845 3179 875 3236 in
905 3179 1036 3238 familiae
1063 3199 1109 3239 er·

21 3266 23 3271 ’
95 3263 252 3323 eiseundae
276 3263 385 3324 iudieio
410 3265 584 3341 explicando
609 3265 717 3325 dixisse
740 3274 824 3341 puto.
985 3267 986 3270 ’
1104 3285 1105 3288 ’

183 3352 324 3412 Libertas
347 3354 466 3412 aedium
489 3372 563 3412 usus
586 3355 767 3431 relinquitur
791 3348 839 3435 (D.
857 3357 885 3432 7,
901 3358 930 3431 8,
945 3359 974 3434 4,
992 3349 1033 3436 1).
1073 3358 1110 3418 de

95 3459 130 3499 ea
145 3434 293 3500 ‘muliere’
307 3441 425 3502 Mucius
435 3443 710 3519 praesumptionem
721 3445 862 3503 statuisse
872 3445 1001 3523 videtur,
1016 3465 1111 3521 quam

95 3524 239 3590 ‘evitandi
263 3533 361 3607 turpis
385 3535 528 3609 quaestus
553 3527 662 3609 gratia’
685 3533 842 3608 proposuit
865 3530 913 3610 (D.
933 3535 983 3606 24,
1000 3537 1028 3609 1,
1044 3533 1110 3609 51).
