2422 3840
97 162 161 226 124
202 162 248 216 VI.
275 161 406 217 00an
425 161 522 216 SAEO.
541 159 637 215 IURIS
657 157 830 215 consum.
849 157 976 213 SERIES
994 159 1106 214 PRIMA

184 328 364 389 Oonferendi
395 331 466 388 sunt
492 328 730 388 Iustinianorum
761 327 910 386 librorum
936 326 1024 386 tituli
1049 346 1107 387 non

93 419 196 496 pauci,
233 419 369 494 inprimis
398 416 429 478 O.
456 420 483 495 1,
504 419 544 477 56
578 417 614 476 de
646 416 873 492 magistratibus
906 408 1104 495 (municipali-

94 499 179 587 bus);
213 507 250 566 D.
275 510 340 582 5‚1
376 511 408 565 et
436 505 467 566 C.
492 509 558 584 3‚1
589 507 625 564 de
652 505 770 565 iudiciis
794 529 859 582 ...3
891 504 927 564 D.
954 508 1043 583 11,7
1072 505 1105 564 de

96 587 198 677 (locis)
226 596 389 672 religiosis3
416 596 454 655 D.
474 597 502 670 2,
520 597 559 653 12
591 595 627 654 de
654 594 739 653 feriis
763 598 794 652 et
817 595 943 655 diversis
966 595 1106 669 tempori-

95 686 163 760 bns3
188 683 219 744 O.
240 688 302 762 1,1
329 685 364 744 de
388 702 505 743 summa
526 684 674 744 trinitate.

418 889 457 948 Π.
483 889 656 947 Tribuum
678 888 781 948 liber.

183 1014 288 1080 Varro
314 1016 335 1080 l.
358 1015 379 1080 l.
402 1015 432 1098 5,
453 1016 503 1080 56.
530 1050 568 1061 -
593 1013 686 1102 (ager
709 1015 874 1079 Romanus
896 1014 1041 1098 primum
1064 1013 1106 1076 di-

95 1106 183 1168 visus
220 1105 253 1168 in
288 1103 391 1187 partis
423 1105 485 1168 tria
517 1101 594 1192 ...)
627 1105 669 1169 ab
700 1104 764 1169 boo
796 1105 950 1188 quattuor
982 1123 1107 1187 quoque

94 1195 198 1278 partis
230 1193 320 1258 urbis
352 1192 457 1256 tribus
490 1192 607 1276 diotae,
640 1193 681 1257 ab
709 1192 790 1257 locis
819 1189 989 1257 Suburana
1017 1190 1106 1256 Pala·

94 1283 166 1346 tina
192 1280 365 1366 Esquilina
392 1279 534 1363 Collina3
563 1282 675 1366 quinta
702 1281 788 1365 quod
816 1280 875 1345 sub
898 1279 1018 1362 Roma,
1046 1278 1106 1345 Ro·

96 1371 196 1435 milia.
243 1370 289 1434 sic
316 1369 459 1455 reliquae
487 1371 625 1455 triginta
654 1370 694 1434 ab
720 1369 771 1434 his
794 1370 905 1448 rebus,
934 1369 1052 1453 quibus
1075 1370 1107 1432 in

96 1459 239 1522 tribuum
262 1458 346 1522 libro
371 1458 494 1542 scripsi.

185 1570 327 1629 Fortasse
342 1570 487 1647 reliquiae
504 1572 661 1630 servantur
670 1571 751 1647 apud
760 1570 893 1629 Festum.
919 1568 952 1628 L.
963 1568 1107 1628 Merclrlin

96 1659 286 1736 quaestiones
305 1657 509 1719 Varronianae
530 1651 661 1740 (Dorpat
682 1651 782 1738 1852)
801 1679 829 1736 p.
850 1660 878 1718 5.
924 1657 961 1717 cf.
981 1657 1016 1716 Ε.
1035 1658 1106 1717 Bor·

96 1767 195 1826 mann,
214 1747 261 1806 die
280 1748 389 1807 tlteste
409 1747 592 1825 Gliederung
606 1749 704 1809 Roms.
736 1749 852 1808 Eronos
867 1745 995 1807 Vindob.
1016 1748 1107 1807 1893.

404 1961 460 2022 111.
484 1963 672 2038 Augurum
695 1959 804 2020 libri?
882 1971 886 1977 '

183 2089 325 2161 Macrob.
354 2093 413 2154 sat.
440 2092 471 2174 1,
496 2090 552 2172 16,
577 2090 627 2154 19.
658 2125 695 2136 —
726 2088 878 2154 vitabant
911 2089 1036 2152 veteres
1069 2086 1107 2152 ad

95 2178 182 2243 viros
211 2178 372 2243 vocandos
406 2181 504 2243 etiam
537 2177 619 2259 dies,
652 2178 707 2262 qui
741 2179 849 2241 essent
876 2176 983 2241 notati
1010 2177 1106 2241 rebus

96 2267 247 2349 adversis,
266 2268 415 2331 vitabant
437 2266 535 2330 etiam
553 2266 653 2348 feriis,
671 2266 756 2330 sicut
770 2265 876 2330 Varro
896 2265 929 2328 in
948 2285 1106 2349 augurum

95 2357 185 2419 libris
219 2355 333 2419 scribit
364 2356 399 2417 in
431 2355 511 2419 haec
544 2355 655 2419 verba:
686 2356 769 2421 ciros
794 2373 901 2420 occare
929 2352 1022 2434 feriis
1048 2374 1110 2420 oon

95 2449 225 2525 oportet:
247 2445 277 2507 sr'
298 2444 427 2520 vocavit,
445 2444 606 2524 piaculum
628 2448 697 2509 esto.

184 2554 327 2614 Fortasse
364 2547 434 2630 ‘pro
477 2573 627 2632 augurum
665 2548 766 2613 libris'
803 2554 906 2630 potius
943 2547 1109 2632 ‘augurum

95 2636 189 2700 libro’
222 2642 413 2703 scribendum
442 2647 500 2717 est,
533 2645 577 2703 ita
604 2645 639 2702 ut
665 2645 721 2704 hoc
749 2644 951 2721 fragmentum
979 2643 1109 2719 antiqui·

94 2733 193 2790 tatum
210 2731 296 2790 libris
316 2732 542 2791 attribuendum
561 2732 609 2791 sit.
653 2734 689 2791 of.
709 2732 825 2791 Ritschl
844 2750 943 2808 opusc.
963 2731 1020 2810 Ill,
1035 2734 1110 2791 480.

286 2944 338 3004 IV.
366 2943 613 3024 Εἰσαγωγικὸς
637 2945 680 3003 ad
703 2944 917 3020 Pompeium.

185 3077 263 3139 GeIl.
285 3081 335 3155 14,
352 3083 380 3153 7,
396 3081 424 3138 1.
462 3072 528 3139 ‘Gn
548 3077 690 3154 Pompeio
714 3077 885 3137 consulatus
908 3077 1024 3153 primus
1043 3097 1111 3137 cum

96 3168 135 3226 M.
164 3166 271 3228 Crasso
304 3167 477 3245 designatus
510 3169 564 3228 est.
614 3185 683 3225 eum
710 3166 923 3243 magistratum
949 3166 1112 3244 Pompeius

95 3275 163 3315 cnm
186 3257 317 3315 initurus
340 3257 427 3332 foret,
449 3256 591 3331 qnoniam
613 3274 667 3331 per
689 3255 815 3314 militiae
833 3257 971 3329 tempora
988 3258 1112 3316 senatus

95 3346 225 3404 habendi
262 3344 507 3420 consulendique,
544 3363 645 3402 rerum
682 3361 785 3420 expers
822 3343 1006 3402 urbanarum
1043 3345 1112 3421 fuit,

94 3433 134 3493 M.
161 3434 328 3493 Varronem
364 3433 544 3492 familiarem
584 3450 672 3491 snum
708 3432 840 3508 rogavit,
879 3433 927 3490 uti
963 3451 1110 3493 commen·

94 3523 206 3580 tarium
229 3525 343 3582 faceret
366 3516 585 3599 ‘isagogioum’,
609 3523 651 3582 sic
672 3522 752 3581 enim
769 3520 866 3580 Varro
884 3521 948 3596 ipse
967 3522 1112 3608 appellat,
