2422 3840
94 164 159 227 222
200 163 248 218 VI.
271 163 406 218 OCTAVI
425 162 520 218 SAEC.
542 162 639 218 IURIS
660 161 836 218 consum.
851 162 979 219 SERIES
993 163 1103 218 PRIMA

403 342 450 400 De
470 343 570 415 portis
595 341 793 414 appellatione.

185 452 214 516 8.
237 450 275 515 Ι).
291 450 342 529 50,
360 451 476 533 16‚25‚
492 453 519 515 1.
552 449 671 514 Paulus
694 450 778 515 libro
801 451 980 516 vicensimo
999 452 1101 536 primo

95 538 136 604 ad
160 539 300 603 edietum
323 536 372 626 (P.
392 536 496 626 33912).
543 538 681 615 Quintus
704 538 829 604 Mucius
854 540 902 604 ait
924 541 1030 624 partis
1054 564 1102 623 ap·

94 628 270 711 pellatione
292 650 361 692 rem
384 651 442 713 pro
466 628 606 692 indiviso
630 627 820 712 significari:
844 651 922 693 nam
942 628 1030 713 quod
1048 651 1101 713 pro

97 717 199 781 diviso
227 722 375 782 nostrum
404 717 462 800 sit,
489 717 522 780 id
549 738 615 780 non
642 720 781 800 partem,
809 717 865 780 sed
893 721 1001 782 totum
1030 740 1101 783 esse.

96 804 227 870 Servius
250 827 315 871 non
339 807 542 891 ineleganter
564 807 666 890 partis
689 804 909 889 appellatione
932 809 1103 892 utrumqne

95 894 280 978 significari.

494 989 541 1047 De
565 991 703 1048 societate.

185 1099 226 1163 8⁸.
250 1096 487 1185 Gai.111,149.
520 1097 643 1182 Magna
666 1102 774 1161 autem
798 1097 944 1181 quaestio
969 1097 1043 1182 fuit,
1066 1121 1103 1162 en

96 1187 143 1252 ita
166 1187 245 1252 ooiri
268 1188 374 1272 possit
397 1188 550 1268 societas,
575 1191 611 1252 ut
634 1187 705 1270 quis
729 1185 885 1251 maiorem
906 1190 1038 1269 partem
1059 1188 1103 1251 lu-

97 1280 217 1359 cretur,
254 1275 412 1340 minorem
445 1275 554 1340 damni
586 1279 739 1361 praestet.
798 1274 882 1358 quod
915 1275 953 1350 Q.
981 1275 1103 1340 Mucius

96 1365 194 1446 <cont
197 1387 232 1428 ra
254 1370 405 1429 naturam
429 1365 593 1430 societatis
617 1385 688 1428 esse
711 1363 917 1429 existimavit.
963 1364 1019 1428 sed
1043 1363 1104 1430 Ser

98 1452 335 1537 Sulpicius>..
351 1453 519 1518 .'tade0
491 1475 540 1517 1a
565 1453 644 1518 coiri
666 1473 762 1536 posse
788 1453 977 1518 societatem
1001 1454 1104 1518 existi

97 1543 212 1624 mavit,
239 1549 276 1604 ut
304 1541 433 1624 dixerit,
465 1542 522 1606 illo
553 1563 679 1626 quoque
707 1541 803 1607 modo
832 1541 910 1606 coiri
937 1563 1048 1626 posse,
1073 1547 1105 1605 ut

98 1630 170 1714 quis
198 1591 280 1694 iihil
308 1632 440 1694 omnino
469 1630 577 1694 damni
604 1633 761 1715 praestet,
793 1631 848 1694 sed
876 1630 958 1694 lucri
982 1636 1104 1713 partem

98 1719 218 1802 sapiat,
247 1719 392 1783 simodo
417 1741 515 1805 opera
538 1720 606 1783 eius
631 1722 698 1783 tem
723 1719 865 1802 pretiosa
887 1718 1050 1798 videatur,
1072 1727 1105 1782 ut

100 1829 237 1891 aequum
252 1807 295 1870 sit
309 1829 468 1872 eumcum
482 1808 544 1872 heo
557 1808 705 1891 pectione
719 1809 753 1871 in
767 1808 956 1873 societatem
971 1807 1105 1872 admitti.

189 1894 233 1961 8¹³.
264 1896 302 1960 D.
320 1898 370 1977 17,
384 1897 414 1979 2,
429 1897 481 1962 30.
517 1895 638 1961 Paulus
661 1895 745 1961 libro
770 1900 861 1960 sexto
885 1897 925 1960 ad
950 1895 1104 1961 Sabinum

100 1981 150 2070 (P.
172 1984 282 2068 1732).
328 1983 454 2050 Mucius
482 1985 565 2049 libro
594 1989 708 2069 quarto
738 1985 859 2049 decimo
887 1985 1016 2068 scribit,
1042 2006 1105 2049 non

100 2096 196 2157 posse
220 2073 407 2138 societatem
434 2073 527 2161 coiri,
557 2078 595 2138 ut
621 2074 719 2138 aliam
746 2072 867 2157 damni,
901 2074 998 2138 aliam
1027 2074 1105 2138 lueri

100 2167 226 2246 partem
259 2163 364 2228 socius
396 2163 486 2227 ferat.
546 2161 674 2228 Servius
706 2163 741 2225 in
772 2163 893 2227 notatis
920 2161 1022 2226 Mucii
1055 2164 1106 2244 ait,

98 2273 158 2316 neo
180 2273 276 2334 posse
300 2251 487 2317 societatem
510 2251 558 2316 ita
576 2251 733 2330 contrahi,
755 2250 814 2334 <ut
832 2251 956 2315 nullam
976 2251 1105 2316 omnino

97 2341 147 2404 vel
172 2339 282 2404 damni
303 2341 355 2403 vel
377 2340 459 2403 lueri
481 2345 608 2423 partem
627 2340 732 2404 socius
750 2337 873 2423 ferat>:
896 2344 1105 2423 nequeenim

97 2429 222 2493 luorum
248 2429 455 2512 intelligitur,
481 2429 546 2492 nisi
570 2430 657 2492 omni
680 2429 798 2493 damno
828 2428 977 2511 deducto,
1004 2450 1106 2513 neque

96 2517 263 2599 damnum,
289 2517 353 2580 nisi
383 2518 470 2580 omni
498 2519 588 2582 luero
619 2517 763 2581 deducto.
814 2517 869 2581 sed
896 2520 1006 2600 potest
1030 2517 1107 2582 eoiri

98 2606 235 2669 societas
257 2605 313 2687 ita,
336 2609 372 2669 ut
395 2605 463 2672 eius
486 2605 579 2689 lucri,
603 2607 688 2690 qnod
711 2605 872 2690 reliquum
894 2607 927 2669 in
953 2607 1106 2670 societate

100 2693 156 2774 sit,
186 2693 275 2758 omni
299 2694 416 2758 damno
440 2694 588 2773 deducto,
615 2717 691 2778 pars
719 2694 783 2758 alia
807 2695 944 2777 feratur,
976 2699 1010 2759 et
1040 2696 1106 2758 eius

100 2781 222 2864 damni,
245 2783 330 2865 quod
354 2783 502 2847 similiter
525 2782 739 2867 relinquatur,
763 2805 838 2866 pars
863 2783 928 2848 alia
951 2784 1106 2867 capiatur.

185 2884 299 2944 Looum
326 2888 501 2961 corruptum
527 2905 587 2945 non
615 2889 715 2964 sanat,
749 2886 799 2963 qui
827 2905 895 2945 oum
922 2887 1106 2946 Mommseno

97 2973 189 3032 verba
207 2973 261 3032 ille
280 2968 350 3033 ‘non
368 2993 473 3049 posse
492 2974 666 3034 sooietatem
684 2968 769 3034 ooiri'
787 2976 888 3050 potius
909 2969 979 3034 ‘non
996 2974 1106 3052 probe

98 3063 272 3122 societatem
295 3057 380 3121 ooiri'
403 3063 487 3140 legit.
528 3082 598 3122 nam
621 3058 689 3122 ‘ita
712 3058 862 3123 contrahi’
887 3083 980 3141 aeque
1004 3083 1107 3125 vocem

97 3145 169 3210 nt'
191 3152 311 3211 videtur
334 3152 419 3228 fingit
421 3171 484 3228 ar,e
510 3155 599 3229 atque
622 3155 797 3227 posteao
749 3152 797 3230 leg
799 3153 890 3212 imus:
919 3147 1060 3212 ‘seor
1006 3157 1108 3229 potest

95 3240 169 3299 coiri
191 3241 319 3300 societas
340 3241 385 3299 ita
407 3234 454 3299 nt'
479 3243 509 3300 et
532 3262 559 3317 q.
578 3259 600 3299 s

186 3343 228 3408 8⁰.
251 3341 282 3406 J.
294 3342 324 3425 3,
335 3341 387 3424 25
397 3344 427 3407 2
460 3342 498 3405 de
516 3342 575 3406 illa
595 3363 672 3406 sane
691 3343 903 3407 conventione
923 3309 1107 3424 quoesitum

97 3435 158 3513 est,
191 3431 218 3494 si
248 3430 354 3494 T11us
388 3435 421 3495 et
448 3428 540 3495 Seius
572 3431 657 3494 inter
690 3453 724 3495 se
755 3432 844 3514 pacti
876 3435 964 3510 sunt,
996 3435 1035 3496 ut
1067 3430 1106 3494 ad

94 3479 216 3580 Titium
239 3519 322 3584 tueri
347 3518 429 3584 duee
452 3524 527 3605 part
529 3541 562 3585 es
585 3519 777 3605 pertineant,
802 3519 913 3584 damni
935 3521 1042 3605 tertia,
1067 3520 1107 3583 ad
