2422 3840
266 155 305 206 a,
327 147 359 215 Q.
378 145 514 203 uuorus
532 147 563 201 P.
577 147 607 202 r.
622 145 652 200 Ρ.
667 145 701 200 u.
718 145 906 202 SGAEVOLA
1054 148 1095 212 77

426 334 483 406 [De
500 335 618 390 vestibus
636 334 752 405 tepetis}

176 436 227 501 12.
259 435 298 500 Ι).
322 436 374 519 34,
392 435 422 515 2,
442 435 494 500 33.
550 433 747 518 Pomponius
784 435 867 499 libro
904 439 1019 520 quarto
1057 437 1097 502 ad

82 525 243 602 Quintum
261 523 403 589 Mucium
423 524 472 604 (P.
492 521 581 610 238).
623 521 762 599 Quintus
781 522 924 588 Mucius1
948 524 994 589 ait
1016 526 1096 590 scire

83 637 120 678 se
144 613 305 699 quendam
328 617 512 677 senatorem
534 611 743 677 muliebribus
763 613 934 678 venatoriis
953 614 1001 676 uti
1021 615 1096 679 soli-

82 709 164 767 tum.
202 702 258 786 qui
282 703 309 766 si
332 702 458 787 legaret
480 701 671 766 muliebrem
694 704 825 785 vestem,
847 723 912 766 non
936 702 1098 767 videretur

81 789 240 879 (viderit)
265 789 303 856 de
326 812 365 854 ea
383 790 532 874 sensisse,
558 812 624 874 qua
646 789 716 873 ipse
741 812 806 874 qua
828 790 914 855 uirili
937 790 1097 855 utebatur.

457 947 513 1018 [De
531 948 598 1001 teau
616 947 728 1018 leuata]

177 1050 227 1114 13.
248 1046 286 1112 D.
302 1048 354 1131 32,
365 1047 416 1130 70,
428 1047 478 1111 12.
506 1045 668 1131 Ulpianus
688 1047 773 1112 libro
789 1047 942 1112 uicesimo
959 1049 1096 1114 secundo

84 1137 127 1202 ad
151 1135 309 1202 Sabinum
333 1133 383 1223 (P.
400 1134 512 1222 2639).
554 1137 725 1201 constabat
748 1136 833 1220 apud
856 1141 979 1202 ueteres
1003 1136 1097 1202 lanae

84 1226 305 1312 appellatione
329 1224 536 1290 versicoloria
558 1247 624 1289 non
647 1226 820 1290 conteneri.

320 1361 323 1367 ⁴
390 1381 445 1453 [De
465 1388 577 1450 arpenta
595 1383 668 1448 facto
687 1382 794 1453 leputa]

180 1484 246 1547 14⁸.
269 1482 319 1547 .Ι).
342 1483 398 1563 34,
417 1483 452 1561 2,
473 1482 522 1547 19.
572 1481 733 1565 Ulpianus
767 1484 849 1548 libro
876 1484 1029 1549 vicesimo
1059 1485 1099 1550 ad

87 1571 245 1637 Sabinum
256 1570 305 1655 (P.
315 1568 425 1657 2606).
449 1571 597 1655 Argenta
606 1573 693 1636 facto
704 1572 813 1657 legato
824 1572 961 1649 Quintus
971 1574 1099 1638 Mucius

88 1662 137 1725 ait
153 1682 232 1724 vasa
251 1663 408 1745 argentea
425 1660 583 1724 contineri
599 1660 711 1740 [veluti
724 1662 913 1745 parapsides
929 1662 1100 1728 acetabula

85 1749 205 1814 trullas
233 1750 342 1832 pelves
370 1752 410 1812 et·
429 1748 481 1812 his
510 1749 641 1832 similia,
669 1754 866 1814 nontamen
891 1751 1099 1835 quaesupel·

87 1837 209 1903 lectilis
233 1839 331 1919 sunt].

180 1923 251 1992 14l'.
274 1925 313 1990 D.
328 1927 380 2009 34,
394 1926 424 2010 2,
438 1927 480 1990 27
491 1948 539 2010 pr.
572 1925 731 2008 Ulpianus
751 1925 834 1990 libro
852 1927 1098 2011 quadragesimo

85 2018 205 2100 quarto
233 2015 273 2079 ad
298 2013 453 2079 Sabinum
477 2013 527 2102 (P.
546 2013 657 2098 2195).
703 2013 842 2090 Quintus
865 2014 989 2079 Mucius
1015 2016 1099 2081 libro

86 2102 228 2169 secundo
251 2104 331 2169 iuris
354 2103 459 2168 civilis
483 2106 530 2167 ita
554 2103 680 2167 definit:
706 2107 876 2187 argentum
899 2102 1020 2167 factum
1043 2126 1099 2168 vas

86 2196 280 2277 argenteum
304 2191 405 2256 videri
428 2214 506 2256 esse.

75 2345 76 2348 ,
178 2294 260 2364 Quae
279 2295 378 2370 priore
396 2296 462 2354 loco
481 2295 567 2354 uncis
583 2295 700 2370 inclusi,
719 2314 779 2354 non
792 2294 892 2373 Mucii,
912 2295 964 2353 sed
977 2293 1101 2372 Ulpiani

86 2402 153 2444 esse
181 2385 269 2458 puto:
290 2389 429 2443 ‚extrema
455 2383 548 2443 verba
575 2377 650 2443 ‘non
677 2389 779 2443 tamen
806 2403 881 2459 quae
905 2384 1100 2460 supellectilis

86 2465 190 2532 sunt'
215 2473 348 2531 eiusdem
371 2490 436 2531 esse
459 2476 593 2548 apparet.

459 2623 517 2693 [De
534 2641 604 2678 auro
622 2624 731 2694 deputo}

182 2723 231 2787 15.
265 2722 303 2787 D.
327 2724 379 2806 34,
398 2725 429 2808 2,
447 2723 548 2809 34pr.
595 2723 793 2807 Pomponius
826 2724 909 2788 libro
941 2746 1028 2790 nono
1061 2726 1102 2790 ad

88 2812 247 2888 Quintum
273 2811 415 2876 Mucium
445 2809 494 2899 (P.
518 2810 608 2898 261).
655 2811 775 2878 Scribit
801 2811 939 2888 Quintus
962 2814 1100 2880 Mucius:

89 2902 120 2965 si
139 2922 253 2965 aurum
272 2922 365 2965 suum
383 2923 477 2966 omne
491 2906 583 2985 pater
598 2901 740 2966 familias
756 2903 847 2966 uxori
862 2924 939 2966 suae
954 2902 1102 2987 legasset,

74 2989 126 3054 1id
149 3010 276 3070 aurum,
305 2989 388 3073 quod
417 2990 540 3054 aurifici
562 2990 749 3056 faciundum
773 2990 914 3055 dedisset
937 2999 993 3055 aut
1016 2994 1103 3077 quod

91 3077 124 3142 ei
156 3076 339 3162 deberetur,
372 3078 400 3143 si
433 3080 472 3142 ab
503 3080 633 3145 aurifice
661 3080 690 3143 ei
718 3101 889 3163 repensum
916 3101 982 3144 non
1010 3086 1103 3163 esset,

92 3166 221 3230 mulieri
245 3188 311 3230 non
335 3167 477 3232 debetur.

182 3268 380 3344 Pomponium
399 3271 441 3330 sic
460 3269 614 3346 scripsisse
632 3273 720 3346 put-o:
741 3271 767 3328 si
785 3289 893 3329 aurum
911 3315 918 3330 .
933 3315 941 3332 .
956 3313 964 3329 .
982 3272 1104 3331 mulieri

76 3376 153 3417 ,non
181 3356 284 3416 deberi
312 3356 440 3427 Quintus
469 3359 586 3418 Mucius
610 3359 722 3419 scribit.

167 3523 181 3570 1
200 3518 266 3575 aad.
282 3517 414 3574 ‘Titiusz
