2422 3840
301 804 370 902 rv.
414 728 638 902 sarriri
670 803 904 902 crucum

96 982 243 1082 ruris
263 980 661 1081 CONSULTORUM
678 980 868 1079 surius
883 981 1106 1081 rtrum

98 1204 120 1250 1.
147 1195 178 1261 Q.
198 1194 295 1249 Aelius
314 1193 433 1249 Tubero.
462 1225 496 1275 T'.
525 1199 549 1250 2.
568 1193 598 1248 L.
618 1192 729 1256 Caelius
748 1191 904 1275 Antipater.
933 1225 967 1235 —
995 1201 1021 1249 3.
1040 1194 1104 1250 Sex.

96 1266 252 1335 Pompeius.
267 1297 300 1306 —
320 1270 344 1319 4.
360 1265 390 1322 P.
404 1264 528 1319 Rutilius
541 1263 637 1318 Rufus.
653 1296 688 1305 -
706 1270 730 1318 5.
746 1265 776 1318 L.
791 1265 914 1319 Licinius
929 1265 1054 1322 Crassus.
1071 1298 1105 1307 -

192 1343 215 1390 6.
235 1335 263 1391 0.
282 1333 437 1406 (Visellius)
455 1335 568 1391 Aculeo.
589 1367 622 1376 -
642 1343 666 1390 7.
686 1334 716 1400 Q.
735 1334 843 1390 Mucius
863 1336 1005 1392 Scaevola.

333 1551 370 1632 1.
409 1555 447 1638 Q.
476 1552 649 1626 AELIUS
679 1553 868 1626 TUBERO

183 1699 216 1758 L.
241 1698 362 1758 Aemilii
390 1698 477 1758 Pauli
508 1717 599 1774 nepos
633 1701 663 1757 et
689 1696 824 1757 Africani
852 1698 974 1757 minoris
1002 1717 1106 1759 conso·

95 1789 207 1865 brimus,
231 1788 367 1846 Panaetii
389 1787 561 1864 discipulus,
584 1791 705 1864 praetor
729 1787 847 1846 circiter
871 1780 1020 1866 631s123,
1044 1806 1105 1848 cos.

95 1879 159 1938 suff.
185 1872 333 1957 63cs118.

182 1967 363 2043 Pomponius
390 1962 471 2040 §44
500 1959 553 2023 ‘ab
581 1964 627 2022 his
656 1956 702 2043 (P.
726 1963 838 2041 Mucio,
863 1964 958 2023 Bruto
986 1968 1018 2025 et
1040 1965 1104 2024 Ma-

94 2047 182 2136 nilio)
205 2055 333 2132 profecti
356 2057 496 2112 sunt...
520 2051 649 2122 Quintus
668 2051 786 2111 Tubero
808 2053 860 2111 ille
879 2052 1001 2130 stoicus,
1025 2053 1103 2113 Pan-

94 2164 144 2204 sae
164 2136 196 2225 (l.
215 2136 365 2218 Panaetii)
385 2141 513 2214 auditor,
533 2141 584 2216 qui
603 2140 714 2215 etipse
733 2134 857 2200 consul'.
899 2139 1002 2200 Cicero
1022 2142 1104 2218 apud

95 2233 170 2293 Gell.
196 2234 228 2309 1,
249 2233 342 2307 22,7
376 2224 446 2287 ‘nec
478 2247 549 2287 vero
582 2228 706 2287 scientia
737 2229 811 2288 iuris
843 2229 1007 2289 maioribus
1040 2231 1103 2290 suis

95 2321 128 2390 Q.
147 2320 252 2379 Aelius
271 2318 389 2377 Tubero
412 2316 516 2394 defuit,
540 2315 676 2377 doctrina
698 2317 789 2377 etiam
808 2311 974 2393 superfuit'.
1016 2318 1102 2380 Brut.

97 2412 158 2468 117
189 2401 268 2467 ‘vita
295 2423 416 2465 severus
440 2408 470 2465 et
493 2424 659 2482 congruens
683 2424 752 2464 cum
774 2425 809 2465 ea
832 2406 990 2482 disciplina
1012 2426 1103 2484 quam

95 2497 220 2572 colebat,
242 2496 332 2572 paulo
356 2495 448 2554 etiam
470 2494 571 2554 durior
591 2496 718 2554 sumit
740 2498 843 2554 autem
866 2497 1006 2556 constans
1030 2495 1103 2556 civis

95 2589 125 2645 et
147 2585 235 2644 fortis
258 2586 289 2642 et
310 2583 341 2641 in
364 2583 468 2659 primis
492 2582 522 2643 O.
547 2583 680 2645 Graccho
703 2579 867 2644 molestus'.

161 2673 245 2733 Libri
264 2673 300 2731 de
318 2672 382 2731 iure
401 2672 521 2749 publico
539 2692 599 2731 non
617 2673 715 2750 huius,
739 2673 791 2731 sed
810 2672 934 2732 alterius
953 2673 986 2742 Q.
1006 2674 1103 2734 Tube·

95 2763 183 2836 ronis,
207 2762 259 2840 qui
282 2759 403 2820 Ofilium
427 2764 547 2820 secutus
570 2764 629 2835 est,
654 2760 793 2821 videntur
815 2779 888 2820 esse.

277 3074 313 3154 2.
349 3079 387 3152 L.
416 3075 615 3150 CAELIUS
642 3076 920 3150 ANTIPATER

184 3223 286 3283 Cicero
306 3223 391 3280 Brut.
413 3223 474 3280 102
499 3215 651 3298 scriptor,
675 3221 822 3298 quemad
845 3222 965 3282 modum
984 3224 1102 3302 videtis,

94 3314 167 3389 fuit,
193 3315 229 3371 ut
256 3310 439 3386 temporibus
466 3309 527 3368 illis
554 3310 736 3387 luculentus,
763 3310 837 3368 iuris
864 3312 951 3371 valde
978 3312 1101 3387 peritus,

94 3402 258 3461 multorum
286 3399 386 3466 etiam,
414 3401 449 3456 ut
470 3397 503 3456 L.
524 3396 624 3457 Crassi
647 3390 745 3478 (614s
749 3400 811 3457 140
836 3393 914 3479 nati)
937 3395 1102 3476 magister?
