2422 3840
100 177 166 242 340
193 177 267 234 VIII.
284 175 418 233 OCTAVI
431 176 529 232 SAEO.
538 178 636 233 IURIS
651 177 825 234 CONSULT.
836 179 960 235 snmus
974 179 1113 234 TERTIA

187 346 369 422 Pomponius
387 343 407 421 ᾗ
422 348 463 405 44
484 338 534 428 (ex
546 347 722 406 Mommseni
738 339 925 430 recensione)
945 341 964 406 ³.
975 391 999 406 ..
1014 347 1113 408 libros

101 438 137 495 de
159 436 225 494 iure
248 435 329 495 civili
351 435 497 510 plurimos
521 438 552 495 et
575 436 627 512 qui
649 455 767 496 omnem
789 439 907 512 partem
925 437 1023 511 operis
1043 438 1112 496 fun-

100 525 207 583 darent
228 524 359 600 reliquit
403 543 474 582 nem
497 523 533 583 de
556 523 674 602 legibus
698 525 876 584 vicensimae
899 526 1015 600 primus
1039 545 1111 586 con-

101 612 216 689 scribit,
250 612 286 671 10
318 612 522 672 iurisdictione
552 613 632 672 idem
660 613 791 672 edictum
817 614 965 690 praetoris
992 615 1111 691 primus

101 702 262 780 diligenter
285 701 453 776 composuit
474 695 537 761 ...'
548 704 549 707 ’
560 702 592 760 in
610 701 772 761 Iustiniani
793 703 929 778 Digestis
951 706 1112 778 praetores

48 859 49 862 Ἴ
98 790 260 850 laudentur
280 785 443 849 ‘actionum
461 783 543 849 libri'
563 783 613 873 (D.
629 794 680 867 33,
696 793 724 868 9,
740 793 769 869 3,
785 793 813 850 5.
833 782 878 872 8),
898 785 984 851 ‘iuris
1002 794 1111 868 partiti

99 874 181 959 libri'
205 877 255 956 (D.
271 881 326 956 32,
342 880 393 952 55,
410 882 438 958 1,
452 881 480 938 4.
503 870 536 961 7)
561 882 592 938 et
615 873 732 939 ‘Ofilius
757 880 795 939 01
817 874 965 938 Atticum'
990 873 1040 961 (D.
1058 884 1110 959 50,

100 971 149 1047 16,
164 969 296 1043 234,2.

185 960 341 1132 Ροωρ1011
370 1056 461 1116 verbe
488 1055 519 1113 in
542 1057 672 1115 mentem
695 1060 837 1118 revocent
864 1076 899 1116 ea
925 1076 1002 1134 quae
1027 1060 1109 1134 apud

97 1146 224 1205 eundem
247 1142 266 1220 5
286 1147 326 1205 39
347 1144 501 1222 legrmtur:
526 1139 545 1202 ἦ
560 1145 725 1204 ..Publius
750 1146 865 1204 Mucius
888 1149 918 1205 01
936 1146 1053 1207 Brutus
1078 1151 1109 1206 et

97 1234 248 1311 Manilius,
272 1233 324 1310 qui
346 1233 548 1294 fundaverunt
571 1233 618 1292 ius
641 1228 748 1296 civile'.
786 1238 920 1294 ceterum
942 1235 996 1294 ille
1015 1236 1108 1297 verba

98 1342 116 1382 0
149 1323 220 1383 viris
240 1321 348 1381 'doctis
379 1322 531 1398 plerisque
558 1325 700 1398 corrupte
726 1323 888 1397 habentur,
921 1343 980 1401 qua
1010 1325 1046 1383 10
1075 1345 1107 1384 re

97 1411 185 1490 infra,
207 1410 260 1470 ubi
278 1409 315 1469 10
334 1409 462 1486 singulis
482 1406 563 1469 Ofilii
582 1411 722 1487 operibus
742 1411 914 1489 disseretur,
932 1413 1106 1474 referemus.

97 1503 166 1558 ente
187 1500 417 1558 >llommsenum
444 1498 601 1576 Pomponii
633 1500 725 1560 verbs
755 1520 815 1559 non
847 1501 903 1578 110,
936 1502 982 1560 uti
1016 1521 1108 1579 supro

96 1588 192 1647 relate
224 1590 307 1664 sunt,
340 1586 615 1665 distinguebantur,
649 1588 702 1647 sed
732 1591 877 1648 commate
904 1592 974 1648 ente
1002 1609 1108 1651 vocem

96 1669 208 1735 ‘idem'
236 1676 334 1753 posito
363 1668 405 1757 (³.
420 1721 451 1737 ..
478 1676 592 1754 primus
621 1677 792 1755 conscribit,
823 1677 859 1736 10
886 1677 1106 1757 iurisdictione,

96 1765 176 1824 idem
198 1764 329 1824 edictum
348 1810 354 1824 .
370 1812 376 1824 .
393 1812 399 1824 .
419 1758 621 1846 composuit').
661 1767 697 1825 of.
717 1767 853 1844 Krueger
876 1787 904 1842 p.
922 1769 971 1827 63.
1014 1771 1047 1827 01
1069 1788 1106 1827 ne

96 1854 273 1913 Mommseni
291 1854 410 1931 quidem
428 1855 517 1914 lectio
535 1855 644 1931 placet,
665 1855 775 1932 quippe
795 1874 870 1932 quae
889 1855 978 1914 nimis
998 1856 1105 1915 durem

96 1943 256 2003 verborum
282 1942 519 2003 coniunctionem
546 1943 663 2003 hebeat.
711 1962 729 2002 0
755 1943 846 2004 verbo
871 1937 972 2002 ‘idem'
995 1964 1107 2006 novam

96 2033 276 2091 sententiam
301 2031 432 2107 incipere
457 2032 561 2109 negari
583 2051 643 2092 non
667 2032 767 2092 debet:
796 2033 898 2110 itaque
921 2031 990 2107 post
1013 2035 1107 2094 verba

96 2114 145 2179 ‘de
163 2114 379 2180 iurisdictione'
395 2121 540 2198 quaedam
554 2120 696 2180 excidisse
710 2121 818 2198 iudico,
837 2123 872 2180 ut
887 2120 928 2180 sic
942 2121 1106 2197 legendum

95 2209 147 2269 sit:
176 2203 224 2269 ‘de
248 2209 366 2287 legibus
464 2209 635 2286 conscribit,
661 2209 696 2268 de
719 2209 925 2269 iurisdictione
950 2205 971 2288 <
973 2254 1074 2270 .....
1098 2259 1105 2290 ,

94 2297 173 2357 idem
196 2299 326 2357 edictum
345 2343 395 2358 ...
415 2292 602 2373 composuit’.
643 2317 719 2373 quse
742 2298 834 2358 verbe
853 2297 995 2358 excidisse
1015 2303 1104 2376 puta·

93 2387 200 2465 verim,
224 2386 303 2444 infre
325 2385 486 2461 explicabo.

249 2615 289 2673 11.
321 2615 373 2673 Ae
397 2615 553 2674 edietum
577 2587 760 2691 praetoris
783 2615 871 2675 iibri

182 2738 362 2814 Pomponius
381 2736 457 2814 §44
481 2733 499 2798 ἵ
515 2787 521 2799 .
537 2784 544 2799 .
560 2739 690 2798 edictum
709 2740 823 2815 primus
843 2738 1004 2816 diligenter
1023 2760 1105 2801 com-

93 2821 215 2903 posuit'.
266 2827 365 2905 „Dass
395 2829 451 2886 mit
480 2821 949 2904 τ0110100]00100οι10το’010111
973 2829 1022 2888 ein
1044 2850 1105 2891 von

95 2915 201 2975 Ofilius
225 2916 390 2976 erlsssenes
409 2917 498 2976 Edict
520 2917 652 2993 gemeint
674 2937 744 2995 war,
769 2918 849 2977 steht
871 2916 944 2992 fest,
970 2917 1023 2976 der
1044 2918 1104 2979 Zu-

94 3006 307 3083 semmenbeng
339 3007 442 3065 deutet
474 3007 529 3064 suf
559 3006 623 3065 eine
655 3007 864 3084 sorgftltigere
897 3005 1104 3085 Bearbeitung

94 3094 146 3153 100
169 3094 285 3170 Ε11010,
314 3095 358 3153 010
387 3094 428 3154 010
456 3094 558 3153 bisher
581 3095 691 3171 erfolgt
714 3113 789 3170 war,
817 3113 855 3153 en
883 3093 948 3152 eine
971 3094 1102 3155 Umord-

92 3202 176 3260 nung
204 3184 359 3243 desselben
386 3183 428 3241 im
451 3182 641 3243 Commenter
669 3203 705 3242 zu
728 3183 856 3259 denken,
884 3182 1027 3243 erlsuben
1052 3185 1102 3244 die

94 3272 252 3349 folgenden
271 3271 378 3332 Worte
395 3273 490 3331 nicht:
510 3291 580 3331 nem
598 3275 667 3331 ente
686 3291 754 3330 eum
774 3272 893 3332 Servius
913 3271 987 3331 duos
1006 3272 1102 3334 libros

94 3360 132 3419 ad
154 3361 284 3420 Brutum
311 3380 455 3438 perquam
481 3361 672 3423 brevissimos
700 3360 738 3419 01
761 3361 891 3420 edictum
914 3361 1102 3438 subscriptos

90 3444 233 3522 10110011ιι
249 3449 370 3527 Kruger
386 3470 415 3526 p.
432 3451 472 3509 63
492 3469 520 3508 n.
540 3452 591 3509 38.
622 3450 655 3508 in
677 3449 779 3508 eodem
800 3450 994 3526 Digestorum
1016 3451 1100 3529 frag-

127 3538 181 3595 nto
209 3557 270 3596 ror
296 3532 499 3618 ‘componere’
524 3537 647 3616 saepius
670 3532 894 3616 000011111ἐῖ
917 3531 1010 3613 ‘leges
1034 3541 1101 3601 sine
