2422 3840
283 127 309 177 7.
333 121 365 188 Q.
383 122 519 179 MUCIUS
538 122 567 176 P.
582 123 612 177 F.
626 121 657 177 Ρ.
672 123 706 176 N.
722 120 910 176 SOAEVOLA
1058 119 1099 183 91

176 285 226 350 4⁸.
253 284 322 350 Gai.
340 284 385 368 ΙΙ,
398 285 450 368 54,
464 285 517 351 55.
537 322 578 333 -
599 285 677 350 olim
699 306 809 349 rerum
831 283 1099 348 hereditariemm

84 374 293 460 possessione
312 376 400 440 velut
418 375 508 458 ipsse
521 373 717 438 hereditates
732 373 866 457 usuoepi
879 373 1100 455 credebantur,

85 463 214 528 scilicet
240 484 326 528 anno
443 465 615 529 voluerunt
638 465 762 526 veteres
790 462 949 526 maturius
974 461 1099 525 heredi-

83 555 172 617 tates
196 550 289 637 adiri,
311 555 348 616 ut
371 555 480 617 essent
503 553 559 638 qui
583 572 676 617 sacre
697 550 849 632 fecerent,
872 572 1009 634 quorum
1032 549 1098 614 illis

84 641 290 724 temporibus
322 661 451 706 summe
481 640 665 706 observatio
692 639 769 721 fuit,
802 644 835 703 et
861 645 898 704 ut
925 638 1097 704 creditores

83 728 259 812 heberent,
282 751 302 793 e
324 751 388 815 quo
412 751 506 795 suurn
529 733 809 813 consequerentur.

174 825 226 895 4⁵.
250 826 362 894 Cicero
381 827 421 893 de
439 827 538 912 legib.
556 827 587 912 2,
607 826 648 893 19
747 825 966 902 ‘Quaeruntur
988 874 1019 891 ..
1042 827 1098 910 qui

83 915 334 1002 adstringuntur
356 917 458 982 sacris
477 915 645 982 ...tertio
665 915 748 997 loeo,
772 914 913 979 sinemo
934 915 977 979 sit
995 914 1097 999 heres,

81 1005 111 1070 is
136 1006 194 1090 qui
211 1005 368 1091 debonis,
390 1027 473 1090 quoe
491 1006 559 1070 eius
579 1004 684 1090 (quie
704 1005 771 1069 vite
790 1002 958 1090 migravit)
976 1003 1098 1070 fuerint

81 1116 182 1179 quom
210 1094 359 1178 moritur,
385 1115 447 1159 usn
474 1094 597 1176 ceperit
622 1092 799 1177 plurimum
826 1091 1097 1177 possidendo

80 1184 164 1248 haec
186 1204 248 1248 nos
271 1205 290 1249 a
313 1179 468 1248 Scaevola
492 1181 673 1247 didicimus'

172 1295 211 1355 ef.
232 1313 310 1373 quse
333 1313 425 1371 supra
447 1315 475 1369 p.
495 1295 536 1353 82
561 1292 722 1369 disputari

172 1405 203 1469 5.
226 1403 266 1470 D.
284 1405 319 1490 8,
337 1404 372 1487 2,
391 1405 420 1470 7.
466 1402 664 1488 Pomponius
692 1402 775 1466 libro
802 1404 977 1470 vicensimo
1004 1409 1095 1471 sexto

81 1493 124 1558 ed
147 1491 306 1570 Quintum
327 1491 469 1557 Mucium
492 1489 541 1579 (P.
561 1489 651 1578 294).
696 1490 789 1567 Quod
816 1497 924 1556 autem
948 1494 1094 1560 aedificio

80 1602 154 1646 meo
186 1602 239 1646 me
270 1601 367 1666 posse
399 1581 565 1665 consequi,
599 1584 635 1645 ut
666 1580 851 1644 libertatem
882 1603 1094 1668 usucaperem

79 1671 208 1753 dicitur,
230 1669 317 1735 idem
335 1690 387 1734 me
405 1691 473 1734 non
490 1675 747 1751 consecuturum,
766 1671 794 1732 si
814 1670 962 1735 arborem
981 1674 1094 1738 eodem

78 1760 151 1825 loco
174 1758 272 1823 sitem
295 1757 490 1838 habuissem,
512 1756 638 1821 Mucius
662 1758 717 1821 ait.

169 1855 213 1922 6?
242 1854 281 1920 D.
303 1856 361 1936 41,
389 1855 424 1939 3,
446 1857 490 1921 24
504 1877 552 1937 pr.
580 1855 777 1936 Pomponius
807 1855 889 1919 libro
918 1857 1094 1924 vicensimo

77 1948 195 2029 quarto
219 1944 260 2009 ad
284 1942 320 2020 Q.
338 1943 482 2009 Mucium
506 1940 555 2030 (P.
575 1940 665 2029 289).
710 1940 775 2006 Ubi
797 1944 850 2006 lex
871 1945 998 2010 inhibet
1019 1969 1094 2011 usu·

78 2035 263 2119 cepionem,
284 2032 372 2097 bone
394 2032 474 2098 fides
497 2031 678 2116 possidenti
700 2031 781 2095 nihil
803 2032 943 2114 prodest.

77 2138 122 2219 ᾖ
167 2144 254 2205 Hunc
272 2145 454 2204 sententiam
467 2144 559 2203 Mucii
579 2161 642 2202 esse
656 2142 692 2201 A.
705 2141 828 2202 Pernice
841 2142 873 2202 Π
888 2124 950 2204 157
970 2144 1094 2225 iudicet,

77 2234 132 2295 sed
150 2253 191 2294 en
209 2237 289 2293 reete
303 2233 419 2293 dubito.
450 2233 500 2292 lex
514 2233 549 2291 de
564 2251 624 2308 que
639 2232 748 2310 agitur,
768 2231 874 2291 Atinia
886 2228 1007 2292 videtur
1020 2252 1093 2296 esse.

422 2481 531 2540 Liber
552 2481 633 2540 XII?
655 2480 749 2540 XIII?

321 2607 368 2665 De
390 2607 569 2683 adquc'reodo
590 2624 689 2664 rerum
715 2608 849 2667 dominio.

440 2721 496 2791 [De
514 2722 734 2793 mancipatione]

171 2833 199 2898 1.
219 2829 325 2896 Varro
340 2820 369 2894 d.
383 2831 406 2895 l.
420 2830 440 2895 l.
457 2829 608 2911 7,5,1o5.
623 2867 664 2877 —
680 2827 836 2919 (Nexum)
851 2831 991 2900 Mucius:
1008 2857 1091 2918 quse

77 2942 137 3006 per
165 2941 221 2985 ees
249 2924 282 2985 et
308 2919 427 2983 libram
453 2920 547 3002 fient,
580 2922 617 2983 ut
644 2919 828 3004 obligentur
851 2926 980 3006 praeter
1008 2946 1090 3008 quae

76 3008 243 3093 mancipio
266 3008 393 3073 dentur.

167 3129 214 3189 De
250 3128 370 3197 fiducie,
401 3128 438 3188 de
471 3145 532 3204 que
564 3127 630 3187 Gai.
660 3127 692 3186 Π
717 3131 771 3204 60,
807 3129 854 3187 ΠΙ
882 3131 943 3189 201
978 3132 1090 3210 scribit,

78 3217 214 3277 Mucium
236 3236 355 3295 quoque
379 3217 533 3292 scripsisse
551 3236 611 3276 non
631 3220 677 3276 est
696 3236 748 3274 cur
766 3216 945 3276 dubitemus
979 3220 1016 3277 cf.
1030 3218 1089 3280 Cic.

79 3306 116 3366 de
139 3305 217 3367 offic.
243 3307 277 3383 3,
302 3308 356 3384 17,
382 3308 436 3365 70:
464 3301 609 3382 ‘fideique
633 3305 727 3365 bonae
749 3325 869 3381 nomen,
897 3303 1090 3368 existimabat

79 3387 129 3476 (Q.
148 3384 308 3475 Scaevola)
332 3437 383 3454 ...
407 3395 521 3455 versari
542 3395 573 3452 in
593 3439 644 3455 ...
667 3393 784 3453 fiduciis
803 3388 870 3455 ...'
888 3394 1014 3472 Mucius,
1038 3398 1090 3472 qui

82 3482 253 3559 depositum
275 3482 355 3542 inter
376 3483 471 3543 bonae
494 3483 563 3542 fidei
586 3485 759 3544 contractus
780 3501 845 3543 non
858 3484 1014 3560 nominet,
1026 3488 1098 3542 tsn-
