2422 3840
307 167 333 218 8,
361 160 512 218 SERVIUS
532 161 717 218 SULPICIUS
736 163 853 219 RUFUS
1023 164 1087 229 169

75 327 276 389 tenerentur.
320 325 501 409 respondit,
528 326 556 390 si
578 326 835 410 intellegeretur,
865 327 949 411 quod
973 350 1086 393 monu-

77 416 227 478 mentum
260 415 481 479 demonstrare
513 415 668 479 voluisset
703 416 731 478 is
764 415 820 498 qui
855 419 1086 481 testamentum

77 501 221 586 fecisset,
242 502 376 566 tametsi
397 502 432 566 in
451 502 611 586 scriptura
631 502 782 567 mendum
802 507 895 585 esset,
917 509 1026 568 tamen
1047 507 1086 570 ad

78 590 125 674 id,
149 590 236 675 quod
259 589 314 655 ille
338 611 372 655 se
396 590 616 656 demonstrare
635 592 742 656 animo
762 591 925 676 sensisset,
947 593 1016 657 fieri
1035 594 1086 658 de·

77 680 169 765 bere3
202 679 254 743 sin
286 681 394 743 autem
422 680 573 745 voluntas
605 680 672 745 eius
702 680 917 764 ignoraretur,
949 703 1086 764 poenam

78 769 210 853 quidem
224 767 347 832 nullam
362 767 428 832 vim
442 769 572 852 habere,
586 769 736 852 quoniam
752 768 794 834 ad
807 770 891 852 quod
906 771 1086 854 exemplum

77 857 150 922 lieri
167 855 328 939 iussisset,
345 856 379 920 id
396 878 555 941 nusquam
570 861 702 935 extaret,
721 863 963 923 monumentum
977 864 1087 924 tamen

77 943 265 1010 omnimodo
298 945 473 1011 secundum
507 947 723 1011 substantiam
757 951 790 1010 et
817 945 1009 1030 dignitatem
1037 949 1087 1012 de-

75 1032 182 1098 functi
204 1038 369 1098 exstruere
392 1034 517 1099 debere.

167 1144 335 1223 „Iustinian
349 1145 441 1206 denkt
459 1146 508 1204 bei
527 1146 627 1206 diesen
641 1146 768 1206 Worten
787 1139 1027 1225 (monumentum

78 1236 233 1294 exstruere
266 1229 387 1314 debere)
420 1235 577 1295 sicherlich
614 1255 652 1294 an
685 1236 935 1314 obrigkeitlichen
967 1237 1087 1314 Zwang,

77 1322 203 1382 Servius
219 1343 278 1382 nur
296 1343 335 1382 an
353 1324 419 1383 elne
438 1323 570 1384 sittliche
588 1324 827 1402 Verpflichtung,
851 1328 934 1385 sonst
952 1327 1036 1384 hatte
1055 1344 1089 1385 er

77 1412 127 1470 die
160 1412 388 1490 Zwangsmittel
419 1413 557 1472 namhaft
588 1414 737 1492 gemacht.
787 1413 843 1472 Die
871 1415 1087 1473 unlateinische

79 1498 293 1560 construction
320 1502 382 1559 una
410 1502 457 1560 aa
480 1488 674 1561 ithnlichkeit
698 1502 754 1561 mn
777 1499 1006 1563 uem‘senrusse
1029 1522 1088 1563 von

77 1589 115 1648 fr.
137 1591 155 1647 7
180 1589 217 1648 de
236 1608 302 1650 ann.
321 1591 380 1667 leg.
398 1590 510 1650 weisen
533 1609 621 1668 sager
638 1592 694 1650 auf
709 1587 945 1666 Interpolation“
965 1592 1088 1650 Pernice

78 1677 182 1736 Labeo
205 1677 252 1736 ΙΠ
273 1699 302 1755 p.
323 1680 364 1738 46
387 1697 416 1737 n.
436 1681 464 1739 4.

172 1781 202 1844 7.
223 1777 262 1843 D.
278 1780 330 1861 34,
340 1779 370 1863 8,
380 1781 410 1846 2.
436 1779 573 1844 Alfenus
588 1779 695 1845 Varus
712 1779 795 1844 libro
811 1781 924 1864 quinto
939 1779 1088 1865 Digesto-

81 1890 154 1932 rum
187 1866 241 1956 (P.
264 1866 350 1954 21⁸).
406 1867 493 1946 Quae
530 1869 564 1932 in
602 1871 797 1932 testamento
831 1869 951 1951 scripta
983 1872 1091 1932 essent

80 1978 185 2041 neque
218 1957 484 2040 intellegerentur
517 1955 592 2041 quid
626 1955 861 2040 significarent,
894 1978 931 2019 ea
958 1958 1089 2039 perinde

81 2065 144 2110 esse
170 2067 208 2110 ac
237 2046 264 2108 si
293 2046 414 2129 scripta
440 2067 506 2110 non
534 2047 642 2109 essent
673 2043 811 2128 [reliqua
839 2049 946 2107 autem
975 2066 1089 2127 perse

80 2132 153 2216 ipsa
175 2134 309 2216 valent}

171 2244 372 2305 Tribonianus
385 2264 440 2322 pro
455 2238 543 2304 ‘esse'
559 2244 681 2320 scripsit
699 2237 792 2304 ‘sunt'
799 2266 806 2303 ε
829 2261 1006 2319 responsum
1020 2245 1089 2303 aub-

83 2351 148 2392 esse
172 2337 306 2410 apparet.
347 2334 384 2393 cf.
402 2335 437 2393 fr.
459 2335 488 2392 2.

172 2435 202 2499 8.
239 2433 303 2502 Uia.
331 2435 371 2499 ad
398 2435 473 2499 fam.
498 2435 532 2517 l,
555 2435 606 2499 21.
633 2471 670 2480 —
697 2432 808 2499 Oicero
832 2432 983 2498 Trebatio
1013 2456 1037 2500 s.
1061 2428 1090 2500 d.

85 2521 159 2588 Silii
184 2544 314 2588 causam
337 2527 370 2587 te
394 2523 495 2588 docui.
536 2521 564 2586 is
587 2528 700 2606 postea
722 2522 786 2587 fuit
809 2523 893 2606 apud
917 2545 977 2587 me.
1019 2546 1091 2588 cum

87 2612 116 2675 ei
140 2611 279 2676 dicerem
302 2612 365 2676 tibi
386 2611 489 2675 videri
509 2612 716 2694 sponsionem
734 2612 824 2675 illam
842 2633 902 2676 nos
922 2612 991 2676 sine
1009 2614 1090 2697 peri·

85 2700 158 2765 culo
182 2699 287 2765 facere
310 2720 405 2784 posse
429 2699 470 2765 ‘si
493 2700 650 2765 bonorum
669 2699 833 2783 Turpiliae
855 2701 1091 2784 possessionem

85 2787 120 2864 Q.
145 2787 266 2872 Caepio
294 2792 426 2872 praetor
454 2811 492 2853 ex
521 2789 625 2853 edicto
649 2810 707 2853 suo
731 2788 810 2853 mihi
834 2787 944 2873 dedit',
971 2811 1091 2875 negare

86 2878 196 2942 aiebat
210 2877 358 2943 Servium
376 2878 502 2942 tabulas
517 2877 704 2942 testamenti
724 2899 793 2940 esse
812 2898 877 2959 eas,
900 2899 979 2960 quas
998 2880 1093 2943 insti-

84 2965 204 3030 tuisset
227 2967 264 3050 is,
292 2968 346 3050 qui
368 2966 543 3031 factionem
567 2966 756 3030 testamenti
777 2987 843 3030 non
866 2965 1018 3031 habuerit

172 3076 209 3136 ct.
229 3075 292 3136 Gai.
311 3076 366 3152 HI,
383 3079 459 3135 114:
483 3071 521 3136 ‘si
544 3093 723 3154 quaeramus
746 3094 785 3134 an
806 3076 908 3136 valeat
929 3079 1090 3136 testamen·

83 3167 162 3241 tum,
189 3165 221 3223 in
246 3165 352 3242 primis
379 3165 534 3225 advertere
561 3164 702 3225 debemus
730 3183 769 3223 au
795 3164 821 3224 is
849 3164 900 3239 qui
925 3164 957 3221 id
979 3166 1092 3242 fecerit,

83 3253 226 3313 habuerit
247 3254 422 3312 testamenti
443 3248 622 3314 factionem'.
663 3253 821 3325 hereditas,
845 3252 881 3310 de
905 3270 964 3328 qua
983 3253 1092 3331 agitur,

84 3361 108 3400 a.
135 3335 261 3422 710l44
293 3342 394 3401 delata
421 3345 480 3417 est,
512 3361 583 3420 ergo
611 3359 785 3418 responsum
810 3359 871 3399 non
896 3340 993 3399 multo
1021 3344 1092 3401 ante

85 3429 183 3491 Servii
207 3433 334 3490 mortem
363 3431 467 3489 datum
494 3440 548 3490 est.
593 3430 733 3490 Huschke
757 3429 793 3488 de
817 3447 907 3488 causa
931 3427 1091 3491 Silaniano..

87 3521 186 3597 18243
209 3519 341 3578 eiusdem
363 3519 422 3580 viri
445 3519 525 3580 docti
548 3519 674 3579 Studien
696 3519 749 3579 des
770 3518 889 3580 ann
907 3520 1058 3594 p‘htso,
