2422 3840
275 166 301 216 7.
324 159 355 227 Q
373 158 510 216 Muclus
528 159 558 216 P.
572 161 603 217 F.
617 159 648 215 P.
663 161 698 216 N.
713 159 904 259 QOAEVOLA
1051 163 1094 227 97

171 328 257 400 Quae
275 326 381 388 Gallus
399 327 505 388 Aelius
528 328 564 389 de
583 326 768 406 postliminio
785 331 889 408 tradit,
912 330 1039 391 fortasse
1059 352 1096 392 ex

77 417 175 480 Mucii
197 418 278 479 libro
300 417 459 494 desumpta
483 420 562 477 sunt.
607 417 687 480 Post.
710 439 737 478 v.
760 420 945 495 postliminio
968 442 997 497 p.
1020 424 1093 484 218.

169 500 216 567 4?
243 501 444 567 Modestinus
471 501 555 567 libro
583 501 681 567 tertio
710 500 909 587 Regularum
935 502 985 589 (P.
1003 504 1093 592 208).

77 591 119 656 D.
138 591 193 674 49,
209 590 261 674 15,
275 591 306 655 4.
326 626 364 637 —
388 612 440 673 an,
461 591 516 675 qui
539 589 689 656 hostibus
713 590 840 656 deditus
863 613 1010 659 reversus
1034 616 1094 659 nec

79 679 219 746 anobis
242 683 391 764 receptus
415 679 494 744 civis
517 677 682 745 Romanus
706 680 762 764 sit,
790 681 876 745 iuter
899 680 1037 747 Brutum
1061 687 1094 748 et

79 767 271 836 Scaevolam
294 769 383 833 varie
405 771 582 832 tractatum
605 772 663 832 est.

165 861 370 922 Modestinum
392 860 536 921 traditam
558 880 663 922 vocem
686 856 757 921 ‘non
775 857 926 938 receptus'
950 864 1027 924 falso
1050 865 1092 924 sic

78 952 312 1028 interpretatum
338 967 415 1023 esse,
444 950 531 1027 quasi
558 950 590 1010 id
617 954 773 1028 ageretur,
800 971 872 1010 num
894 953 1020 1012 Romani
1048 973 1093 1013 re-

77 1058 210 1116 versum,
234 1057 296 1098 non
317 1040 420 1099 hostes
439 1039 574 1099 deditum
591 1039 768 1116 reciperent,
790 1040 893 1118 itaque
912 1042 1093 1102 sententiam

78 1129 248 1205 corrupisse
274 1128 309 1186 R.
331 1127 444 1188 Heinze
475 1131 556 1188 reete
588 1128 713 1188 monuit.
759 1129 795 1189 cf.
823 1128 923 1189 Oioero
952 1131 988 1190 de
1017 1134 1091 1192 orat.

77 1217 99 1295 I,
113 1219 245 1290 40,181
263 1260 305 1277 ...
320 1214 351 1276 (l.
361 1216 533 1276 Mancinum
547 1262 571 1277 ..
586 1218 782 1295 consularem,
806 1238 873 1277 cum
887 1238 956 1278 eum
968 1224 1092 1296 propter

76 1305 224 1367 invidiam
246 1305 425 1364 Numantini
450 1305 580 1365 foederis
607 1309 694 1381 pater
716 1309 855 1383 patratus
879 1326 914 1366 ex
938 1326 960 1367 s.
980 1326 1004 1368 o.
1028 1309 1092 1367 Nu·

77 1394 222 1455 mantinis
245 1394 409 1454 dedidisset
427 1413 554 1471 eumque
572 1394 619 1453 illi
637 1415 697 1454 non
714 1396 906 1472 recepissent,
929 1401 1092 1473 posteaque

77 1484 235 1543 Mancinus
264 1483 385 1542 domum
415 1484 579 1546 revenisset
610 1503 706 1561 neque
738 1484 769 1542 in
803 1488 939 1544 sonatum
967 1486 1092 1546 introire

78 1573 257 1650 dubitasset,
275 1571 309 1632 P.
319 1571 452 1631 Rutilius
472 1572 512 1632 M.
526 1571 606 1631 filius
623 1573 764 1633 tribunus
777 1574 874 1648 plebis
892 1574 982 1634 iussit
995 1574 1090 1649 educi,

78 1661 156 1738 quod
184 1679 255 1721 eum
282 1661 377 1721 civem
403 1663 529 1738 negaret
557 1679 635 1739 esse,
667 1661 739 1738 quia
767 1663 912 1722 memorio
940 1664 982 1722 sic
1010 1667 1091 1724 esset

77 1749 245 1828 proditum,
273 1769 362 1827 quem
386 1795 413 1808 ..
438 1752 525 1825 pater
550 1752 688 1824 patratus
716 1749 890 1828 dedidisset,
919 1753 946 1809 ei
973 1753 1092 1812 nullum

76 1857 140 1899 esse
159 1838 388 1915 postliminium.
418 1838 442 1914 I,
458 1840 508 1912 56,
525 1840 589 1898 238
609 1883 637 1897 ..
658 1838 767 1914 quibus
784 1839 817 1897 in
831 1840 929 1898 causis
944 1842 1091 1915 omuibus,

76 1928 154 1988 sicut
177 1972 207 1989 ..
231 1927 263 1986 iu
287 1926 316 1986 0.
331 1926 456 1987 Hostilii
472 1927 604 1986 Mancini
626 1927 831 1987 controversia
930 1929 990 1988 fuit
1012 1928 1092 1989 inter

75 2016 275 2092 peritissimos
289 2016 423 2076 homines
438 2034 555 2075 summe
569 2015 605 2074 de
618 2015 684 2075 iure
694 2015 849 2075 dissensio.
868 2017 904 2075 cf.
913 2016 1092 2093 II,32,137.

76 2104 219 2165 Getarum
245 2104 406 2165 Modestini
433 2097 598 2165 ‘Scaevola'
626 2105 754 2163 fortasse
781 2123 842 2162 non
870 2103 1011 2181 Quintus,
1044 2107 1091 2165 cui

75 2193 169 2254 Lenel
188 2195 221 2256 P.
236 2185 295 2254 43¹³
308 2195 513 2270 fragmentum
531 2193 680 2267 attribuit,
700 2193 754 2253 sed
765 2192 892 2252 Publius
905 2193 1021 2253 Mucius
1037 2198 1091 2253 est.

77 2284 112 2342 cf.
134 2301 229 2359 snpra
251 2303 280 2358 p.
301 2285 352 2344 34.

478 2407 585 2466 Liber
609 2406 691 2466 XVI.

504 2523 551 2582 Do
576 2525 664 2596 furto.

167 2637 332 2696 Furtorum
364 2657 488 2715 genera,
525 2637 561 2697 de
597 2637 706 2713 quibus
739 2635 803 2696 Gai.
831 2637 890 2715 IH,
925 2640 986 2697 183
1020 2639 1092 2715 agit,

76 2725 109 2797 Q.
138 2725 257 2785 Mucius
289 2724 423 2785 nondum
455 2727 668 2787 constituerat:
700 2745 794 2785 unum
828 2729 948 2785 tantum
975 2727 1092 2785 furtum

76 2833 140 2874 esse
166 2814 303 2890 putabat.
349 2814 471 2875 Servius
495 2816 613 2874 demum
636 2815 787 2874 furtorum
810 2834 921 2892 genera
944 2815 1091 2875 distinxit.

75 2903 197 2963 Bekker
231 2903 381 2963 Aktionen
405 2903 434 2981 I,
463 2906 525 2964 307
551 2922 607 2980 sq.;
639 2903 761 2962 Pernice
784 2903 812 2979 I,
837 2906 914 2978 3123
941 2903 1001 2980 111,
1027 2906 1090 2963 214

75 2995 183 3052 contra
204 2991 380 3052 Ubbelchde
403 2992 629 3052 Realcontracte
651 3012 680 3067 p.
700 2993 740 3052 36
762 3010 804 3068 sq.

165 3081 306 3140 Fortasse
334 3100 381 3140 rcs
408 3081 555 3141 iudicatae
584 3082 674 3157 atque
702 3098 856 3156 responsa,
886 3098 962 3156 quae
990 3079 1089 3139 Labeo

74 3169 107 3228 in
139 3169 217 3229 libro
250 3169 286 3229 do
318 3169 472 3230 duodecim
499 3169 611 3229 tabulis
640 3168 769 3228 secundo
798 3160 890 3248 (Gall.
915 3161 1090 3245 6,15,1),

77 3257 206 3317 Sabinus
226 3259 258 3317 in
279 3257 356 3317 libro
375 3258 411 3318 de
429 3258 520 3318 furtis
540 3250 764 3341 (96111118,
785 3249 850 3334 12),
872 3258 978 3332 postea
996 3254 1089 3316 Gaius

77 3347 188 3424 aliique
212 3351 434 3425 congesserunt,
458 3367 493 3407 ex
516 3347 609 3406 Mucii
631 3345 709 3405 libro
733 3345 891 3421 desumpta
913 3346 991 3403 sunt.

168 3434 196 3496 1.
220 3429 522 3513 Gell.,61,52.—
542 3430 578 3507 Q.
598 3428 803 3494 Scaevolam
821 3428 988 3508 librorum,
1007 3450 1090 3512 quos

78 3519 144 3582 de
134 3541 204 3584 rure
223 3518 311 3584 civili
329 3519 518 3606 composuit,
496 3517 622 3681 tXrVI
640 3518 741 3586 verbe
756 3517 840 3585 baeu
855 3517 987 3606 possiti
1006 3516 1105 3597 Quod

123 3631 246 3677 ruriam
246 3631 348 3672 masc.
362 3634 412 3676 ren
427 3636 552 3680 suarem
