<?xml version="1.0" encoding="UTF-8"?>
<!DOCTYPE html PUBLIC "-//W3C//DTD XHTML 1.0 Transitional//EN"
    "http://www.w3.org/TR/xhtml1/DTD/xhtml1-transitional.dtd">
<html xmlns="http://www.w3.org/1999/xhtml" xml:lang="en" lang="en">
 <head>
  <title>
</title>
<meta http-equiv="Content-Type" content="text/html;charset=utf-8" />
  <meta name='ocr-system' content='tesseract 3.04.00' />
  <meta name='ocr-capabilities' content='ocr_page ocr_carea ocr_par ocr_line ocrx_word'/>
</head>
<body>
  <div class='ocr_page' id='page_1' title='image "./iurisprudentiae00bremgoog_0152.png"; bbox 0 0 2422 3840; ppageno 0'>
   <div class='ocr_carea' id='block_1_1' title="bbox 315 167 1095 234">
    <p class='ocr_par' dir='ltr' id='par_1_1' title="bbox 315 167 1095 234">
     <span class='ocr_line' id='line_1_1' title="bbox 315 167 1095 234; baseline 0.013 -10"><span class='ocrx_word' id='word_1_1' title='bbox 315 174 341 225; x_wconf 85' lang='grc'>8.</span> <span class='ocrx_word' id='word_1_2' title='bbox 367 167 521 224; x_wconf 80' lang='lat' dir='ltr'>SERVIUS</span> <span class='ocrx_word' id='word_1_3' title='bbox 541 167 726 224; x_wconf 84' lang='lat' dir='ltr'>SULPICIUS</span> <span class='ocrx_word' id='word_1_4' title='bbox 744 168 862 226; x_wconf 76' lang='lat' dir='ltr'>RUFUS</span> <span class='ocrx_word' id='word_1_5' title='bbox 1034 170 1095 234; x_wconf 85' lang='lat'>139</span> 
     </span>
    </p>
   </div>
   <div class='ocr_carea' id='block_1_2' title="bbox 228 399 957 482">
    <p class='ocr_par' dir='ltr' id='par_1_2' title="bbox 228 399 957 482">
     <span class='ocr_line' id='line_1_2' title="bbox 228 399 957 482; baseline -0.004 0"><span class='ocrx_word' id='word_1_6' title='bbox 228 399 269 482; x_wconf 89' lang='grc'>8.</span> <span class='ocrx_word' id='word_1_7' title='bbox 307 405 506 479; x_wconf 79' lang='lat' dir='ltr'>SERVIUS</span> <span class='ocrx_word' id='word_1_8' title='bbox 534 405 776 478; x_wconf 81' lang='lat' dir='ltr'>SULPICIUS</span> <span class='ocrx_word' id='word_1_9' title='bbox 804 406 957 479; x_wconf 83' lang='lat' dir='ltr'>RUFUS</span> 
     </span>
    </p>
   </div>
   <div class='ocr_carea' id='block_1_3' title="bbox 35 561 1156 2150">
    <p class='ocr_par' dir='ltr' id='par_1_3' title="bbox 35 561 1156 2150">
     <span class='ocr_line' id='line_1_3' title="bbox 35 561 1095 648; baseline 0.003 -23"><span class='ocrx_word' id='word_1_10' title='bbox 35 588 38 625; x_wconf 78' lang='lat'><em>÷</em></span> <span class='ocrx_word' id='word_1_11' title='bbox 95 568 194 644; x_wconf 90' lang='lat' dir='ltr'>equitis</span> <span class='ocrx_word' id='word_1_12' title='bbox 209 568 337 627; x_wconf 88' lang='lat' dir='ltr'>Romani</span> <span class='ocrx_word' id='word_1_13' title='bbox 351 567 432 627; x_wconf 88' lang='lat' dir='ltr'>filius</span> <span class='ocrx_word' id='word_1_14' title='bbox 448 561 594 648; x_wconf 83' lang='grc'><strong>6491105</strong></span> <span class='ocrx_word' id='word_1_15' title='bbox 609 572 709 640; x_wconf 79' lang='lat' dir='ltr'>natue,</span> <span class='ocrx_word' id='word_1_16' title='bbox 728 562 854 645; x_wconf 86' lang='grc'><strong>676178</strong></span> <span class='ocrx_word' id='word_1_17' title='bbox 870 570 950 644; x_wconf 89' lang='lat' dir='ltr'>apud</span> <span class='ocrx_word' id='word_1_18' title='bbox 964 570 1095 630; x_wconf 87' lang='lat' dir='ltr'>Rhodios</span> 
     </span>
     <span class='ocr_line' id='line_1_4' title="bbox 94 651 1097 736; baseline 0.002 -21"><span class='ocrx_word' id='word_1_19' title='bbox 94 662 118 716; x_wconf 87' lang='lat' dir='ltr'>et</span> <span class='ocrx_word' id='word_1_20' title='bbox 129 657 294 716; x_wconf 73' lang='lat' dir='ltr'>rhetoricae</span> <span class='ocrx_word' id='word_1_21' title='bbox 310 660 341 716; x_wconf 90' lang='lat' dir='ltr'>et</span> <span class='ocrx_word' id='word_1_22' title='bbox 353 657 559 732; x_wconf 83' lang='lat' dir='ltr'>philosophiae</span> <span class='ocrx_word' id='word_1_23' title='bbox 574 676 695 732; x_wconf 83' lang='lat' dir='ltr'>operam</span> <span class='ocrx_word' id='word_1_24' title='bbox 710 656 802 734; x_wconf 90' lang='lat' dir='ltr'>dedit,</span> <span class='ocrx_word' id='word_1_25' title='bbox 818 651 943 736; x_wconf 87' lang='grc'><strong>680174</strong></span> <span class='ocrx_word' id='word_1_26' title='bbox 954 663 1097 735; x_wconf 76' lang='lat' dir='ltr'>quaestor</span> 
     </span>
     <span class='ocr_line' id='line_1_5' title="bbox 35 739 1097 822; baseline 0.006 -23"><span class='ocrx_word' id='word_1_27' title='bbox 35 790 37 799; x_wconf 93' lang='lat'><em>.</em></span> <span class='ocrx_word' id='word_1_28' title='bbox 94 743 194 822; x_wconf 88' lang='lat' dir='ltr'>Ostiae,</span> <span class='ocrx_word' id='word_1_29' title='bbox 212 745 320 805; x_wconf 88' lang='lat' dir='ltr'>aedilis</span> <span class='ocrx_word' id='word_1_30' title='bbox 341 745 462 821; x_wconf 90' lang='lat' dir='ltr'>curulis,</span> <span class='ocrx_word' id='word_1_31' title='bbox 484 739 608 808; x_wconf 85' lang='grc'><strong>689165</strong></span> <span class='ocrx_word' id='word_1_32' title='bbox 628 749 750 820; x_wconf 88' lang='lat' dir='ltr'>praetor</span> <span class='ocrx_word' id='word_1_33' title='bbox 768 747 952 822; x_wconf 79' lang='lat' dir='ltr'>quaestionis</span> <span class='ocrx_word' id='word_1_34' title='bbox 978 749 1097 822; x_wconf 90' lang='lat' dir='ltr'>pecula-</span> 
     </span>
     <span class='ocr_line' id='line_1_6' title="bbox 91 829 1096 914; baseline 0.002 -22"><span class='ocrx_word' id='word_1_35' title='bbox 91 837 141 912; x_wconf 90' lang='lat' dir='ltr'>tus,</span> <span class='ocrx_word' id='word_1_36' title='bbox 164 829 291 914; x_wconf 87' lang='grc'><strong>691163</strong></span> <span class='ocrx_word' id='word_1_37' title='bbox 312 834 498 894; x_wconf 90' lang='lat' dir='ltr'>consulatum</span> <span class='ocrx_word' id='word_1_38' title='bbox 517 835 632 892; x_wconf 86' lang='lat' dir='ltr'>frustra</span> <span class='ocrx_word' id='word_1_39' title='bbox 649 834 746 912; x_wconf 77' lang='lat' dir='ltr'>petiIt,</span> <span class='ocrx_word' id='word_1_40' title='bbox 767 829 889 912; x_wconf 83' lang='grc'><strong>703151</strong></span> <span class='ocrx_word' id='word_1_41' title='bbox 912 854 969 894; x_wconf 83' lang='grc'><strong>444.</strong></span> <span class='ocrx_word' id='word_1_42' title='bbox 989 839 1019 894; x_wconf 92' lang='lat' dir='ltr'>et</span> <span class='ocrx_word' id='word_1_43' title='bbox 1037 837 1096 894; x_wconf 84' lang='lat' dir='ltr'>for-</span> 
     </span>
     <span class='ocr_line' id='line_1_7' title="bbox 91 919 1096 1003; baseline 0.002 -23"><span class='ocrx_word' id='word_1_44' title='bbox 91 927 161 983; x_wconf 86' lang='lat' dir='ltr'>tasse</span> <span class='ocrx_word' id='word_1_45' title='bbox 179 923 206 982; x_wconf 91' lang='lat' dir='ltr'>is</span> <span class='ocrx_word' id='word_1_46' title='bbox 220 923 274 999; x_wconf 91' lang='lat' dir='ltr'>qui</span> <span class='ocrx_word' id='word_1_47' title='bbox 287 923 386 1000; x_wconf 85' lang='lat' dir='ltr'>legem</span> <span class='ocrx_word' id='word_1_48' title='bbox 400 922 562 998; x_wconf 77' lang='lat' dir='ltr'>Sulpiciam</span> <span class='ocrx_word' id='word_1_49' title='bbox 582 923 749 981; x_wconf 87' lang='lat' dir='ltr'>rivaliciam</span> <span class='ocrx_word' id='word_1_50' title='bbox 766 924 894 1002; x_wconf 87' lang='lat' dir='ltr'>rogavit,</span> <span class='ocrx_word' id='word_1_51' title='bbox 921 919 1044 1003; x_wconf 86' lang='grc'><strong>705149</strong></span> <span class='ocrx_word' id='word_1_52' title='bbox 1064 924 1096 982; x_wconf 90' lang='lat' dir='ltr'>in</span> 
     </span>
     <span class='ocr_line' id='line_1_8' title="bbox 89 1001 1096 1088; baseline 0.001 -18"><span class='ocrx_word' id='word_1_53' title='bbox 89 1013 194 1088; x_wconf 77' lang='lat' dir='ltr'>lfrIca,</span> <span class='ocrx_word' id='word_1_54' title='bbox 218 1001 273 1071; x_wconf 83' lang='lat' dir='ltr'>ubi</span> <span class='ocrx_word' id='word_1_55' title='bbox 296 1031 364 1071; x_wconf 91' lang='lat' dir='ltr'>cum</span> <span class='ocrx_word' id='word_1_56' title='bbox 386 1011 454 1070; x_wconf 90' lang='lat' dir='ltr'>aliis</span> <span class='ocrx_word' id='word_1_57' title='bbox 475 1012 662 1070; x_wconf 88' lang='lat' dir='ltr'>senatoribus</span> <span class='ocrx_word' id='word_1_58' title='bbox 680 1011 790 1071; x_wconf 85' lang='lat' dir='ltr'>Jubam</span> <span class='ocrx_word' id='word_1_59' title='bbox 814 1008 975 1071; x_wconf 87' lang='lat' dir='ltr'>Numidiae</span> <span class='ocrx_word' id='word_1_60' title='bbox 994 1032 1096 1088; x_wconf 85' lang='lat' dir='ltr'>regem</span> 
     </span>
     <span class='ocr_line' id='line_1_9' title="bbox 88 1094 1095 1182; baseline 0.001 -23"><span class='ocrx_word' id='word_1_61' title='bbox 88 1100 296 1160; x_wconf 83' lang='lat' dir='ltr'>comitantibus</span> <span class='ocrx_word' id='word_1_62' title='bbox 329 1098 450 1159; x_wconf 92' lang='lat' dir='ltr'>Uticam</span> <span class='ocrx_word' id='word_1_63' title='bbox 480 1102 633 1178; x_wconf 87' lang='lat' dir='ltr'>ingressus</span> <span class='ocrx_word' id='word_1_64' title='bbox 666 1104 725 1178; x_wconf 90' lang='lat' dir='ltr'>est,</span> <span class='ocrx_word' id='word_1_65' title='bbox 765 1094 889 1182; x_wconf 93' lang='grc'><strong>707147</strong></span> <span class='ocrx_word' id='word_1_66' title='bbox 923 1121 942 1159; x_wconf 91' lang='grc'>4</span> <span class='ocrx_word' id='word_1_67' title='bbox 969 1100 1095 1161; x_wconf 82' lang='lat' dir='ltr'>Caesare</span> 
     </span>
     <span class='ocr_line' id='line_1_10' title="bbox 86 1183 1095 1267; baseline 0 -19"><span class='ocrx_word' id='word_1_68' title='bbox 86 1190 243 1263; x_wconf 90' lang='lat' dir='ltr'>proconsul</span> <span class='ocrx_word' id='word_1_69' title='bbox 276 1189 408 1248; x_wconf 87' lang='lat' dir='ltr'>Achaiae</span> <span class='ocrx_word' id='word_1_70' title='bbox 440 1190 552 1267; x_wconf 87' lang='lat' dir='ltr'>faetus,</span> <span class='ocrx_word' id='word_1_71' title='bbox 584 1208 610 1247; x_wconf 89' lang='lat' dir='ltr'>a.</span> <span class='ocrx_word' id='word_1_72' title='bbox 637 1183 761 1248; x_wconf 85' lang='grc'><strong>709145</strong></span> <span class='ocrx_word' id='word_1_73' title='bbox 791 1189 917 1249; x_wconf 89' lang='lat' dir='ltr'>Romam</span> <span class='ocrx_word' id='word_1_74' title='bbox 947 1209 1095 1264; x_wconf 73' lang='lat' dir='ltr'>severana,</span> 
     </span>
     <span class='ocr_line' id='line_1_11' title="bbox 87 1271 1094 1357; baseline -0.001 -20"><span class='ocrx_word' id='word_1_75' title='bbox 87 1271 211 1357; x_wconf 92' lang='grc'><strong>710144</strong></span> <span class='ocrx_word' id='word_1_76' title='bbox 239 1279 288 1337; x_wconf 89' lang='lat' dir='ltr'>die</span> <span class='ocrx_word' id='word_1_77' title='bbox 316 1297 376 1355; x_wconf 94' lang='lat' dir='ltr'>quo</span> <span class='ocrx_word' id='word_1_78' title='bbox 403 1281 472 1353; x_wconf 92' lang='lat' dir='ltr'>post</span> <span class='ocrx_word' id='word_1_79' title='bbox 495 1277 630 1336; x_wconf 86' lang='lat' dir='ltr'>Caesarie</span> <span class='ocrx_word' id='word_1_80' title='bbox 656 1297 759 1336; x_wconf 87' lang='lat' dir='ltr'>necem</span> <span class='ocrx_word' id='word_1_81' title='bbox 786 1282 907 1337; x_wconf 90' lang='lat' dir='ltr'>senatus</span> <span class='ocrx_word' id='word_1_82' title='bbox 936 1279 967 1338; x_wconf 92' lang='lat' dir='ltr'>in</span> <span class='ocrx_word' id='word_1_83' title='bbox 991 1281 1094 1338; x_wconf 89' lang='lat' dir='ltr'>aedem</span> 
     </span>
     <span class='ocr_line' id='line_1_12' title="bbox 85 1361 1096 1444; baseline 0.002 -20"><span class='ocrx_word' id='word_1_84' title='bbox 85 1367 213 1426; x_wconf 84' lang='lat' dir='ltr'>Telluris</span> <span class='ocrx_word' id='word_1_85' title='bbox 236 1370 416 1426; x_wconf 88' lang='lat' dir='ltr'>convocatus</span> <span class='ocrx_word' id='word_1_86' title='bbox 440 1371 498 1442; x_wconf 89' lang='lat' dir='ltr'>est,</span> <span class='ocrx_word' id='word_1_87' title='bbox 522 1369 626 1425; x_wconf 86' lang='lat' dir='ltr'>auctor</span> <span class='ocrx_word' id='word_1_88' title='bbox 650 1370 771 1425; x_wconf 88' lang='lat' dir='ltr'>senatus</span> <span class='ocrx_word' id='word_1_89' title='bbox 796 1368 936 1426; x_wconf 89' lang='lat' dir='ltr'>consulti:</span> <span class='ocrx_word' id='word_1_90' title='bbox 964 1361 1011 1426; x_wconf 74' lang='lat' dir='ltr'>‘ne</span> <span class='ocrx_word' id='word_1_91' title='bbox 1036 1388 1096 1444; x_wconf 91' lang='lat' dir='ltr'>qua</span> 
     </span>
     <span class='ocr_line' id='line_1_13' title="bbox 83 1454 1095 1530; baseline 0.002 -16"><span class='ocrx_word' id='word_1_92' title='bbox 83 1459 150 1530; x_wconf 89' lang='lat' dir='ltr'>post</span> <span class='ocrx_word' id='word_1_93' title='bbox 167 1455 243 1515; x_wconf 88' lang='lat' dir='ltr'>Idus</span> <span class='ocrx_word' id='word_1_94' title='bbox 262 1455 388 1514; x_wconf 88' lang='lat' dir='ltr'>Martias</span> <span class='ocrx_word' id='word_1_95' title='bbox 411 1454 611 1514; x_wconf 86' lang='lat' dir='ltr'>immunitatis</span> <span class='ocrx_word' id='word_1_96' title='bbox 635 1455 739 1513; x_wconf 89' lang='lat' dir='ltr'>tabula</span> <span class='ocrx_word' id='word_1_97' title='bbox 761 1475 836 1515; x_wconf 88' lang='lat' dir='ltr'>neve</span> <span class='ocrx_word' id='word_1_98' title='bbox 855 1457 940 1516; x_wconf 90' lang='lat' dir='ltr'>cuius</span> <span class='ocrx_word' id='word_1_99' title='bbox 958 1457 1095 1516; x_wconf 88' lang='lat' dir='ltr'>beneficii</span> 
     </span>
     <span class='ocr_line' id='line_1_14' title="bbox 80 1538 1094 1622; baseline 0.001 -20"><span class='ocrx_word' id='word_1_100' title='bbox 80 1538 246 1622; x_wconf 86' lang='lat' dir='ltr'>figeretur’,</span> <span class='ocrx_word' id='word_1_101' title='bbox 274 1539 399 1622; x_wconf 86' lang='grc'><strong>711143</strong></span> <span class='ocrx_word' id='word_1_102' title='bbox 423 1544 543 1620; x_wconf 81' lang='lat' dir='ltr'>legatus</span> <span class='ocrx_word' id='word_1_103' title='bbox 568 1544 605 1602; x_wconf 91' lang='lat' dir='ltr'>ad</span> <span class='ocrx_word' id='word_1_104' title='bbox 627 1542 794 1603; x_wconf 89' lang='lat' dir='ltr'>Antonium</span> <span class='ocrx_word' id='word_1_105' title='bbox 815 1545 962 1604; x_wconf 86' lang='lat' dir='ltr'>Mutinam</span> <span class='ocrx_word' id='word_1_106' title='bbox 984 1546 1094 1605; x_wconf 89' lang='lat' dir='ltr'>missus</span> 
     </span>
     <span class='ocr_line' id='line_1_15' title="bbox 81 1631 1095 1710; baseline 0.002 -20"><span class='ocrx_word' id='word_1_107' title='bbox 81 1633 183 1710; x_wconf 92' lang='lat' dir='ltr'>ibique</span> <span class='ocrx_word' id='word_1_108' title='bbox 202 1633 288 1692; x_wconf 85' lang='lat' dir='ltr'>brevi</span> <span class='ocrx_word' id='word_1_109' title='bbox 305 1640 439 1708; x_wconf 86' lang='lat' dir='ltr'>tempore</span> <span class='ocrx_word' id='word_1_110' title='bbox 459 1636 528 1692; x_wconf 87' lang='lat' dir='ltr'>ante</span> <span class='ocrx_word' id='word_1_111' title='bbox 548 1631 718 1691; x_wconf 87' lang='lat' dir='ltr'>Ciceronem</span> <span class='ocrx_word' id='word_1_112' title='bbox 736 1637 882 1692; x_wconf 89' lang='lat' dir='ltr'>mortuus.</span> <span class='ocrx_word' id='word_1_113' title='bbox 916 1638 1049 1693; x_wconf 86' lang='lat' dir='ltr'>statuam</span> <span class='ocrx_word' id='word_1_114' title='bbox 1067 1636 1095 1694; x_wconf 89' lang='lat' dir='ltr'>ei</span> 
     </span>
     <span class='ocr_line' id='line_1_16' title="bbox 79 1718 1095 1798; baseline 0 -16"><span class='ocrx_word' id='word_1_115' title='bbox 79 1721 212 1798; x_wconf 88' lang='lat' dir='ltr'>populus</span> <span class='ocrx_word' id='word_1_116' title='bbox 222 1722 375 1781; x_wconf 87' lang='lat' dir='ltr'>Romanus</span> <span class='ocrx_word' id='word_1_117' title='bbox 390 1741 424 1780; x_wconf 82' lang='lat' dir='ltr'>ex</span> <span class='ocrx_word' id='word_1_118' title='bbox 435 1721 585 1780; x_wconf 72' lang='lat' dir='ltr'>Ciceronis</span> <span class='ocrx_word' id='word_1_119' title='bbox 600 1721 745 1780; x_wconf 89' lang='lat' dir='ltr'>relatione</span> <span class='ocrx_word' id='word_1_120' title='bbox 759 1741 813 1796; x_wconf 94' lang='lat' dir='ltr'>pro</span> <span class='ocrx_word' id='word_1_121' title='bbox 825 1723 931 1782; x_wconf 88' lang='lat' dir='ltr'>rostris</span> <span class='ocrx_word' id='word_1_122' title='bbox 940 1724 1042 1798; x_wconf 89' lang='lat' dir='ltr'>posuit</span> <span class='ocrx_word' id='word_1_123' title='bbox 1052 1718 1095 1782; x_wconf 69' lang='lat' dir='ltr'>‘et</span> 
     </span>
     <span class='ocr_line' id='line_1_17' title="bbox 79 1803 1093 1888; baseline 0.001 -20"><span class='ocrx_word' id='word_1_124' title='bbox 79 1803 250 1886; x_wconf 88' lang='lat' dir='ltr'>hodieque’‚</span> <span class='ocrx_word' id='word_1_125' title='bbox 269 1811 313 1868; x_wconf 89' lang='lat' dir='ltr'>ait</span> <span class='ocrx_word' id='word_1_126' title='bbox 327 1810 509 1885; x_wconf 85' lang='lat' dir='ltr'>Pomponius</span> <span class='ocrx_word' id='word_1_127' title='bbox 523 1808 605 1887; x_wconf 71' lang='lat'>§43,</span> <span class='ocrx_word' id='word_1_128' title='bbox 626 1803 736 1868; x_wconf 68' lang='lat' dir='ltr'>‘exstat</span> <span class='ocrx_word' id='word_1_129' title='bbox 749 1829 803 1884; x_wconf 92' lang='lat' dir='ltr'>pro</span> <span class='ocrx_word' id='word_1_130' title='bbox 819 1812 925 1869; x_wconf 92' lang='lat' dir='ltr'>rostris</span> <span class='ocrx_word' id='word_1_131' title='bbox 939 1807 1093 1888; x_wconf 82' lang='lat' dir='ltr'>Augusti&#39;.</span> 
     </span>
     <span class='ocr_line' id='line_1_18' title="bbox 169 1894 1156 1988; baseline 0.002 -31"><span class='ocrx_word' id='word_1_132' title='bbox 169 1899 217 1957; x_wconf 79' lang='lat' dir='ltr'>Ur</span> <span class='ocrx_word' id='word_1_133' title='bbox 244 1918 337 1958; x_wconf 79' lang='lat' dir='ltr'>uxore</span> <span class='ocrx_word' id='word_1_134' title='bbox 364 1899 520 1958; x_wconf 90' lang='lat' dir='ltr'>Postumia</span> <span class='ocrx_word' id='word_1_135' title='bbox 546 1898 642 1956; x_wconf 91' lang='lat' dir='ltr'>filiurn</span> <span class='ocrx_word' id='word_1_136' title='bbox 670 1898 789 1972; x_wconf 90' lang='lat' dir='ltr'>habuit,</span> <span class='ocrx_word' id='word_1_137' title='bbox 819 1899 871 1974; x_wconf 91' lang='lat' dir='ltr'>qui</span> <span class='ocrx_word' id='word_1_138' title='bbox 896 1894 1020 1977; x_wconf 86' lang='grc'><strong>691163</strong></span> <span class='ocrx_word' id='word_1_139' title='bbox 1046 1919 1092 1959; x_wconf 90' lang='lat' dir='ltr'>ac·</span> <span class='ocrx_word' id='word_1_140' title='bbox 1145 1966 1156 1988; x_wconf 42' lang='grc' dir='ltr'>ι</span> 
     </span>
     <span class='ocr_line' id='line_1_19' title="bbox 79 1986 1092 2061; baseline -0.001 -15"><span class='ocrx_word' id='word_1_141' title='bbox 79 1988 266 2058; x_wconf 83' lang='lat' dir='ltr'>cusationem</span> <span class='ocrx_word' id='word_1_142' title='bbox 289 1987 323 2046; x_wconf 81' lang='lat' dir='ltr'>L.</span> <span class='ocrx_word' id='word_1_143' title='bbox 342 1986 450 2046; x_wconf 90' lang='lat' dir='ltr'>Licinii</span> <span class='ocrx_word' id='word_1_144' title='bbox 472 1988 615 2046; x_wconf 88' lang='lat' dir='ltr'>Murenae</span> <span class='ocrx_word' id='word_1_145' title='bbox 640 1986 825 2061; x_wconf 84' lang='lat' dir='ltr'>subscripsit.</span> <span class='ocrx_word' id='word_1_146' title='bbox 870 1986 933 2044; x_wconf 90' lang='lat' dir='ltr'>filia</span> <span class='ocrx_word' id='word_1_147' title='bbox 956 1987 989 2056; x_wconf 83' lang='lat' dir='ltr'>Q.</span> <span class='ocrx_word' id='word_1_148' title='bbox 1006 1989 1092 2046; x_wconf 87' lang='lat' dir='ltr'>Aelio</span> 
     </span>
     <span class='ocr_line' id='line_1_20' title="bbox 79 2076 370 2150; baseline -0.003 -15"><span class='ocrx_word' id='word_1_149' title='bbox 79 2076 236 2135; x_wconf 75' lang='lat' dir='ltr'>Tuberoni</span> <span class='ocrx_word' id='word_1_150' title='bbox 258 2076 370 2150; x_wconf 90' lang='lat' dir='ltr'>nupsit.</span> 
     </span>
    </p>
   </div>
   <div class='ocr_carea' id='block_1_4' title="bbox 75 2282 1140 3606">
    <p class='ocr_par' dir='ltr' id='par_1_4' title="bbox 75 2282 1140 3606">
     <span class='ocr_line' id='line_1_21' title="bbox 167 2282 1092 2363; baseline -0.002 -15"><span class='ocrx_word' id='word_1_151' title='bbox 167 2288 352 2363; x_wconf 86' lang='lat' dir='ltr'>Pomponius</span> <span class='ocrx_word' id='word_1_152' title='bbox 376 2286 395 2362; x_wconf 65' lang='grc' dir='ltr'>ἐ</span> <span class='ocrx_word' id='word_1_153' title='bbox 416 2289 457 2347; x_wconf 87' lang='grc'>43</span> <span class='ocrx_word' id='word_1_154' title='bbox 487 2292 591 2346; x_wconf 89' lang='lat' dir='ltr'>narrat</span> <span class='ocrx_word' id='word_1_155' title='bbox 614 2290 700 2348; x_wconf 89' lang='lat' dir='ltr'>haec:</span> <span class='ocrx_word' id='word_1_156' title='bbox 729 2282 862 2346; x_wconf 76' lang='lat' dir='ltr'>‘Servius</span> <span class='ocrx_word' id='word_1_157' title='bbox 887 2287 1039 2362; x_wconf 88' lang='lat' dir='ltr'>Sulpicius</span> <span class='ocrx_word' id='word_1_158' title='bbox 1064 2334 1092 2346; x_wconf 88' lang='lat'>..</span> 
     </span>
     <span class='ocr_line' id='line_1_22' title="bbox 79 2377 1093 2446; baseline -0.002 -9"><span class='ocrx_word' id='word_1_159' title='bbox 79 2378 215 2437; x_wconf 85' lang='lat' dir='ltr'>traditur</span> <span class='ocrx_word' id='word_1_160' title='bbox 233 2377 272 2435; x_wconf 91' lang='lat' dir='ltr'>ad</span> <span class='ocrx_word' id='word_1_161' title='bbox 290 2377 503 2436; x_wconf 90' lang='lat' dir='ltr'>consulendum</span> <span class='ocrx_word' id='word_1_162' title='bbox 522 2377 667 2446; x_wconf 85' lang='lat' dir='ltr'>Quintum</span> <span class='ocrx_word' id='word_1_163' title='bbox 682 2377 815 2435; x_wconf 88' lang='lat' dir='ltr'>Mucium</span> <span class='ocrx_word' id='word_1_164' title='bbox 834 2377 869 2436; x_wconf 89' lang='lat' dir='ltr'>de</span> <span class='ocrx_word' id='word_1_165' title='bbox 888 2396 921 2435; x_wconf 87' lang='lat' dir='ltr'>re</span> <span class='ocrx_word' id='word_1_166' title='bbox 940 2377 1027 2436; x_wconf 88' lang='lat' dir='ltr'>amici</span> <span class='ocrx_word' id='word_1_167' title='bbox 1047 2379 1093 2436; x_wconf 89' lang='lat' dir='ltr'>sui</span> 
     </span>
     <span class='ocr_line' id='line_1_23' title="bbox 79 2464 1093 2542; baseline -0.003 -15"><span class='ocrx_word' id='word_1_168' title='bbox 79 2467 251 2542; x_wconf 86' lang='lat' dir='ltr'>pervenisse</span> <span class='ocrx_word' id='word_1_169' title='bbox 260 2484 386 2541; x_wconf 87' lang='lat' dir='ltr'>cumque</span> <span class='ocrx_word' id='word_1_170' title='bbox 396 2484 606 2540; x_wconf 87' lang='lat' dir='ltr'>eum..parum</span> <span class='ocrx_word' id='word_1_171' title='bbox 616 2466 821 2542; x_wconf 85' lang='lat' dir='ltr'>intellexisset,</span> <span class='ocrx_word' id='word_1_172' title='bbox 831 2466 941 2525; x_wconf 90' lang='lat' dir='ltr'>iterum</span> <span class='ocrx_word' id='word_1_173' title='bbox 949 2464 1093 2535; x_wconf 82' lang='lat' dir='ltr'>Quintum</span> 
     </span>
     <span class='ocr_line' id='line_1_24' title="bbox 78 2553 1092 2631; baseline 0.001 -18"><span class='ocrx_word' id='word_1_174' title='bbox 78 2557 285 2631; x_wconf 86' lang='lat' dir='ltr'>interrogasse</span> <span class='ocrx_word' id='word_1_175' title='bbox 308 2557 339 2613; x_wconf 88' lang='lat' dir='ltr'>et</span> <span class='ocrx_word' id='word_1_176' title='bbox 358 2572 376 2611; x_wconf 91' lang='lat' dir='ltr'>a</span> <span class='ocrx_word' id='word_1_177' title='bbox 393 2553 503 2623; x_wconf 84' lang='lat' dir='ltr'>Quinto</span> <span class='ocrx_word' id='word_1_178' title='bbox 518 2554 615 2613; x_wconf 91' lang='lat' dir='ltr'>Mucio</span> <span class='ocrx_word' id='word_1_179' title='bbox 635 2574 811 2630; x_wconf 90' lang='lat' dir='ltr'>responsum</span> <span class='ocrx_word' id='word_1_180' title='bbox 830 2573 895 2614; x_wconf 87' lang='lat' dir='ltr'>esse</span> <span class='ocrx_word' id='word_1_181' title='bbox 914 2574 967 2613; x_wconf 91' lang='lat' dir='ltr'>nec</span> <span class='ocrx_word' id='word_1_182' title='bbox 990 2559 1092 2614; x_wconf 90' lang='lat' dir='ltr'>tamen</span> 
     </span>
     <span class='ocr_line' id='line_1_25' title="bbox 78 2643 1091 2721; baseline 0 -18"><span class='ocrx_word' id='word_1_183' title='bbox 78 2644 263 2720; x_wconf 81' lang='lat' dir='ltr'>percepisse,</span> <span class='ocrx_word' id='word_1_184' title='bbox 288 2646 318 2701; x_wconf 91' lang='lat' dir='ltr'>et</span> <span class='ocrx_word' id='word_1_185' title='bbox 340 2643 385 2700; x_wconf 87' lang='lat' dir='ltr'>ita</span> <span class='ocrx_word' id='word_1_186' title='bbox 407 2643 599 2720; x_wconf 84' lang='lat' dir='ltr'>obiurgatum</span> <span class='ocrx_word' id='word_1_187' title='bbox 623 2662 686 2702; x_wconf 89' lang='lat' dir='ltr'>esse</span> <span class='ocrx_word' id='word_1_188' title='bbox 708 2664 726 2702; x_wconf 88' lang='lat' dir='ltr'>a</span> <span class='ocrx_word' id='word_1_189' title='bbox 745 2643 855 2714; x_wconf 84' lang='lat' dir='ltr'>Quinto</span> <span class='ocrx_word' id='word_1_190' title='bbox 874 2644 987 2721; x_wconf 86' lang='lat' dir='ltr'>Mucio;</span> <span class='ocrx_word' id='word_1_191' title='bbox 1009 2665 1091 2703; x_wconf 89' lang='lat' dir='ltr'>nam·</span> 
     </span>
     <span class='ocr_line' id='line_1_26' title="bbox 79 2731 1091 2808; baseline 0.001 -17"><span class='ocrx_word' id='word_1_192' title='bbox 79 2752 138 2808; x_wconf 90' lang='lat' dir='ltr'>que</span> <span class='ocrx_word' id='word_1_193' title='bbox 161 2751 232 2790; x_wconf 91' lang='lat' dir='ltr'>eum</span> <span class='ocrx_word' id='word_1_194' title='bbox 256 2731 379 2790; x_wconf 81' lang='lat' dir='ltr'>dixisse:</span> <span class='ocrx_word' id='word_1_195' title='bbox 412 2736 500 2807; x_wconf 89' lang='lat' dir='ltr'>turpe</span> <span class='ocrx_word' id='word_1_196' title='bbox 525 2751 588 2791; x_wconf 89' lang='lat' dir='ltr'>esse</span> <span class='ocrx_word' id='word_1_197' title='bbox 612 2733 738 2807; x_wconf 89' lang='lat' dir='ltr'>patricio</span> <span class='ocrx_word' id='word_1_198' title='bbox 763 2736 793 2790; x_wconf 90' lang='lat' dir='ltr'>et</span> <span class='ocrx_word' id='word_1_199' title='bbox 816 2733 909 2791; x_wconf 91' lang='lat' dir='ltr'>nobili</span> <span class='ocrx_word' id='word_1_200' title='bbox 933 2736 963 2792; x_wconf 91' lang='lat' dir='ltr'>et</span> <span class='ocrx_word' id='word_1_201' title='bbox 987 2753 1091 2792; x_wconf 89' lang='lat' dir='ltr'>causas</span> 
     </span>
     <span class='ocr_line' id='line_1_27' title="bbox 78 2821 1093 2898; baseline -0.001 -17"><span class='ocrx_word' id='word_1_202' title='bbox 78 2822 182 2881; x_wconf 86' lang='lat' dir='ltr'>oranti</span> <span class='ocrx_word' id='word_1_203' title='bbox 200 2821 248 2879; x_wconf 92' lang='lat' dir='ltr'>ius</span> <span class='ocrx_word' id='word_1_204' title='bbox 267 2821 300 2878; x_wconf 90' lang='lat' dir='ltr'>in</span> <span class='ocrx_word' id='word_1_205' title='bbox 322 2839 381 2896; x_wconf 92' lang='lat' dir='ltr'>quo</span> <span class='ocrx_word' id='word_1_206' title='bbox 395 2823 568 2879; x_wconf 85' lang='lat' dir='ltr'>versaretur</span> <span class='ocrx_word' id='word_1_207' title='bbox 586 2821 732 2898; x_wconf 85' lang='lat' dir='ltr'>ignorare.</span> <span class='ocrx_word' id='word_1_208' title='bbox 764 2841 799 2880; x_wconf 91' lang='lat' dir='ltr'>ea</span> <span class='ocrx_word' id='word_1_209' title='bbox 812 2823 897 2881; x_wconf 86' lang='lat' dir='ltr'>velut</span> <span class='ocrx_word' id='word_1_210' title='bbox 911 2823 1093 2880; x_wconf 89' lang='lat' dir='ltr'>contumelia</span> 
     </span>
     <span class='ocr_line' id='line_1_28' title="bbox 79 2904 1140 2984; baseline -0.001 -16"><span class='ocrx_word' id='word_1_211' title='bbox 79 2912 182 2969; x_wconf 86' lang='lat' dir='ltr'>tactus</span> <span class='ocrx_word' id='word_1_212' title='bbox 207 2928 328 2984; x_wconf 91' lang='lat' dir='ltr'>operam</span> <span class='ocrx_word' id='word_1_213' title='bbox 352 2907 435 2967; x_wconf 89' lang='lat' dir='ltr'>dedit</span> <span class='ocrx_word' id='word_1_214' title='bbox 456 2909 516 2966; x_wconf 91' lang='lat' dir='ltr'>iuri</span> <span class='ocrx_word' id='word_1_215' title='bbox 536 2904 636 2969; x_wconf 85' lang='lat' dir='ltr'>civili&#39;.</span> <span class='ocrx_word' id='word_1_216' title='bbox 678 2914 781 2968; x_wconf 89' lang='lat' dir='ltr'>utrum</span> <span class='ocrx_word' id='word_1_217' title='bbox 798 2911 913 2969; x_wconf 86' lang='lat' dir='ltr'>factum</span> <span class='ocrx_word' id='word_1_218' title='bbox 931 2930 970 2968; x_wconf 92' lang='lat' dir='ltr'>an</span> <span class='ocrx_word' id='word_1_219' title='bbox 988 2910 1092 2968; x_wconf 87' lang='lat' dir='ltr'>fictum</span> <span class='ocrx_word' id='word_1_220' title='bbox 1138 2972 1140 2975; x_wconf 59' lang='grc'><strong>,</strong></span> 
     </span>
     <span class='ocr_line' id='line_1_29' title="bbox 78 2997 1092 3072; baseline 0.001 -16"><span class='ocrx_word' id='word_1_221' title='bbox 78 2997 265 3072; x_wconf 90' lang='lat' dir='ltr'>Pomponius</span> <span class='ocrx_word' id='word_1_222' title='bbox 288 3001 392 3055; x_wconf 91' lang='lat' dir='ltr'>narret</span> <span class='ocrx_word' id='word_1_223' title='bbox 413 2999 570 3057; x_wconf 86' lang='lat' dir='ltr'>nescimus.</span> <span class='ocrx_word' id='word_1_224' title='bbox 612 2999 760 3058; x_wconf 88' lang='lat' dir='ltr'>oratoriae</span> <span class='ocrx_word' id='word_1_225' title='bbox 784 3001 841 3057; x_wconf 84' lang='lat' dir='ltr'>arti</span> <span class='ocrx_word' id='word_1_226' title='bbox 865 3019 934 3058; x_wconf 90' lang='lat' dir='ltr'>cum</span> <span class='ocrx_word' id='word_1_227' title='bbox 952 2997 1092 3058; x_wconf 89' lang='lat' dir='ltr'>Cicerone</span> 
     </span>
     <span class='ocr_line' id='line_1_30' title="bbox 76 3086 1092 3162; baseline -0.002 -16"><span class='ocrx_word' id='word_1_228' title='bbox 76 3087 162 3162; x_wconf 89' lang='lat' dir='ltr'>apud</span> <span class='ocrx_word' id='word_1_229' title='bbox 185 3086 318 3146; x_wconf 88' lang='lat' dir='ltr'>Rhodios</span> <span class='ocrx_word' id='word_1_230' title='bbox 346 3086 464 3144; x_wconf 89' lang='lat' dir='ltr'>deditus</span> <span class='ocrx_word' id='word_1_231' title='bbox 491 3090 596 3160; x_wconf 88' lang='lat' dir='ltr'>postea</span> <span class='ocrx_word' id='word_1_232' title='bbox 623 3088 696 3146; x_wconf 89' lang='lat' dir='ltr'>iuris</span> <span class='ocrx_word' id='word_1_233' title='bbox 724 3087 913 3162; x_wconf 85' lang='lat' dir='ltr'>prudentiam</span> <span class='ocrx_word' id='word_1_234' title='bbox 939 3086 1092 3161; x_wconf 84' lang='lat' dir='ltr'>amplexus</span> 
     </span>
     <span class='ocr_line' id='line_1_31' title="bbox 77 3166 1092 3256; baseline -0.003 -22"><span class='ocrx_word' id='word_1_235' title='bbox 77 3180 137 3253; x_wconf 91' lang='lat' dir='ltr'>est,</span> <span class='ocrx_word' id='word_1_236' title='bbox 171 3175 331 3234; x_wconf 88' lang='lat' dir='ltr'>institutus</span> <span class='ocrx_word' id='word_1_237' title='bbox 358 3192 376 3232; x_wconf 95' lang='lat' dir='ltr'>a</span> <span class='ocrx_word' id='word_1_238' title='bbox 403 3174 435 3232; x_wconf 86' lang='lat' dir='ltr'>L.</span> <span class='ocrx_word' id='word_1_239' title='bbox 461 3174 576 3234; x_wconf 86' lang='lat' dir='ltr'>Lucilio</span> <span class='ocrx_word' id='word_1_240' title='bbox 604 3176 700 3235; x_wconf 89' lang='lat' dir='ltr'>Balbo</span> <span class='ocrx_word' id='word_1_241' title='bbox 729 3168 778 3256; x_wconf 85' lang='lat' dir='ltr'>(de</span> <span class='ocrx_word' id='word_1_242' title='bbox 807 3196 865 3253; x_wconf 93' lang='lat' dir='ltr'>quo</span> <span class='ocrx_word' id='word_1_243' title='bbox 889 3175 945 3248; x_wconf 87' lang='lat' dir='ltr'>VI,</span> <span class='ocrx_word' id='word_1_244' title='bbox 966 3166 1013 3252; x_wconf 83' lang='lat'>3),</span> <span class='ocrx_word' id='word_1_245' title='bbox 1034 3175 1092 3241; x_wconf 56' lang='lat' dir='ltr'>,in-</span> 
     </span>
     <span class='ocr_line' id='line_1_32' title="bbox 75 3256 1091 3344; baseline -0.001 -21"><span class='ocrx_word' id='word_1_246' title='bbox 75 3267 214 3323; x_wconf 88' lang='lat' dir='ltr'>structus</span> <span class='ocrx_word' id='word_1_247' title='bbox 243 3256 386 3341; x_wconf 87' lang='lat' dir='ltr'>(fortasse</span> <span class='ocrx_word' id='word_1_248' title='bbox 410 3257 566 3344; x_wconf 86' lang='lat' dir='ltr'>Cercinae)</span> <span class='ocrx_word' id='word_1_249' title='bbox 595 3284 613 3323; x_wconf 94' lang='lat' dir='ltr'>a</span> <span class='ocrx_word' id='word_1_250' title='bbox 636 3263 667 3324; x_wconf 92' lang='lat' dir='ltr'>C.</span> <span class='ocrx_word' id='word_1_251' title='bbox 686 3265 820 3341; x_wconf 88' lang='lat' dir='ltr'>Aquillio</span> <span class='ocrx_word' id='word_1_252' title='bbox 845 3264 931 3322; x_wconf 85' lang='lat' dir='ltr'>Gallo</span> <span class='ocrx_word' id='word_1_253' title='bbox 958 3261 1008 3338; x_wconf 91' lang='lat' dir='ltr'>(de</span> <span class='ocrx_word' id='word_1_254' title='bbox 1032 3281 1091 3338; x_wconf 91' lang='lat' dir='ltr'>quo</span> 
     </span>
     <span class='ocr_line' id='line_1_33' title="bbox 76 3348 1092 3434; baseline -0.001 -24"><span class='ocrx_word' id='word_1_255' title='bbox 76 3352 116 3429; x_wconf 89' lang='lat' dir='ltr'>V,</span> <span class='ocrx_word' id='word_1_256' title='bbox 142 3348 208 3434; x_wconf 83' lang='lat'>14).</span> <span class='ocrx_word' id='word_1_257' title='bbox 264 3352 354 3410; x_wconf 83' lang='lat' dir='ltr'>etiam</span> <span class='ocrx_word' id='word_1_258' title='bbox 392 3352 466 3411; x_wconf 93' lang='lat' dir='ltr'>alios</span> <span class='ocrx_word' id='word_1_259' title='bbox 497 3351 590 3412; x_wconf 90' lang='lat' dir='ltr'>Mucii</span> <span class='ocrx_word' id='word_1_260' title='bbox 622 3353 786 3429; x_wconf 85' lang='lat' dir='ltr'>auditores,</span> <span class='ocrx_word' id='word_1_261' title='bbox 824 3352 937 3410; x_wconf 87' lang='lat' dir='ltr'>scilicet</span> <span class='ocrx_word' id='word_1_262' title='bbox 969 3349 1092 3409; x_wconf 85' lang='lat' dir='ltr'>Sextum</span> 
     </span>
     <span class='ocr_line' id='line_1_34' title="bbox 76 3434 1091 3520; baseline 0 -19"><span class='ocrx_word' id='word_1_263' title='bbox 76 3441 278 3517; x_wconf 90' lang='lat' dir='ltr'>Pomponium</span> <span class='ocrx_word' id='word_1_264' title='bbox 312 3443 342 3498; x_wconf 88' lang='lat' dir='ltr'>et</span> <span class='ocrx_word' id='word_1_265' title='bbox 371 3439 479 3499; x_wconf 84' lang='lat' dir='ltr'>Gaium</span> <span class='ocrx_word' id='word_1_266' title='bbox 502 3434 545 3520; x_wconf 71' lang='lat' dir='ltr'>(P)</span> <span class='ocrx_word' id='word_1_267' title='bbox 573 3442 759 3517; x_wconf 87' lang='lat' dir='ltr'>Iuventium,</span> <span class='ocrx_word' id='word_1_268' title='bbox 792 3439 928 3499; x_wconf 88' lang='lat' dir='ltr'>Servium</span> <span class='ocrx_word' id='word_1_269' title='bbox 962 3439 1091 3500; x_wconf 88' lang='lat' dir='ltr'>audiisse</span> 
     </span>
     <span class='ocr_line' id='line_1_35' title="bbox 75 3527 1096 3606; baseline 0 -17"><span class='ocrx_word' id='word_1_270' title='bbox 75 3530 157 3589; x_wconf 91' lang='lat' dir='ltr'>idem</span> <span class='ocrx_word' id='word_1_271' title='bbox 176 3529 357 3605; x_wconf 88' lang='lat' dir='ltr'>Pomponius</span> <span class='ocrx_word' id='word_1_272' title='bbox 380 3529 502 3589; x_wconf 89' lang='lat' dir='ltr'>indicat.</span> <span class='ocrx_word' id='word_1_273' title='bbox 542 3549 613 3590; x_wconf 87' lang='lat' dir='ltr'>narn</span> <span class='ocrx_word' id='word_1_274' title='bbox 636 3549 705 3589; x_wconf 90' lang='lat' dir='ltr'>cum</span> <span class='ocrx_word' id='word_1_275' title='bbox 727 3527 804 3606; x_wconf 69' lang='lat'>§41</span> <span class='ocrx_word' id='word_1_276' title='bbox 823 3527 918 3588; x_wconf 82' lang='lat' dir='ltr'>Mucii</span> <span class='ocrx_word' id='word_1_277' title='bbox 939 3528 1096 3589; x_wconf 79' lang='lat' dir='ltr'>auditores</span> 
     </span>
    </p>
   </div>
   <div class='ocr_carea' id='block_1_5' title="bbox 0 0 1216 3840">
    <p class='ocr_par' dir='ltr' id='par_1_5' title="bbox 0 0 1216 3840">
     <span class='ocr_line' id='line_1_36' title="bbox 0 0 1216 3840; baseline 0 1"><span class='ocrx_word' id='word_1_278' title='bbox 0 0 1216 3840; x_wconf 95' lang='lat' dir='ltr'> </span> 
     </span>
    </p>
   </div>
  </div>
 </body>
</html>
