2422 3840
78 146 103 196 b.
118 139 148 196 L.
160 138 304 195 CASSIUS
320 140 464 195 HEMINA
478 173 513 183 -
529 147 553 195 6.
567 141 598 206 Q.
609 141 738 197 FABIUS
754 175 785 184 -
802 150 826 200 ’1.
837 145 868 199 L.
878 145 1009 201 FURIUS
1047 145 1089 209 29

324 371 362 455 7.
400 379 439 450 L.
472 380 643 452 FURIUS
671 380 845 452 PHILUS

469 521 702 603 mafflfflfflb

168 644 270 706 Cicero
301 648 383 706 Brut.
411 650 474 707 108
507 641 651 722 ‘perbene
685 649 776 707 latine
809 649 893 726 loqui
924 650 1090 725 putabatur

76 734 302 813 litteratiusque
325 755 415 814 quam
438 730 549 796 ceteri'.

167 821 295 884 Carmen
318 844 376 900 quo
400 825 442 884 dii
462 829 624 885 evocantur
641 826 779 904 quodque
798 827 949 886 Macrobio
969 830 1089 887 auctore

78 914 285 974 Sammonicus
310 913 438 973 Serenus
463 915 525 974 sive
548 918 635 990 pater
658 916 720 975 sive
743 915 823 974 filius
842 916 970 975 secundo
990 937 1017 991 p.
1038 915 1089 975 (th.

78 1003 199 1063 saeculo
228 996 270 1062 ‘in
298 1003 453 1062 cuiusdam
475 1004 559 1061 Furii
587 1004 792 1073 vetustissimo
820 1004 897 1063 libro
923 1005 1090 1081 repperisse

77 1091 232 1168 professus
256 1085 321 1164 est',
346 1111 381 1150 ex
404 1092 494 1151 huius
512 1093 597 1150 Furii
620 1093 696 1153 libro
720 1094 912 1169 desumptum
932 1112 997 1153 esse
1015 1095 1090 1153 veri·

77 1181 176 1242 simile
200 1181 328 1240 videtur.

168 1269 254 1339 Quod
282 1269 318 1328 ad
347 1273 558 1345 argumentum
580 1270 664 1348 libri,
692 1271 826 1330 conicere
850 1271 934 1343 licet,
963 1270 998 1330 de
1021 1291 1089 1331 con·

78 1359 154 1419 sulis
178 1358 277 1418 officio
300 1359 349 1416 vel
374 1358 410 1416 de
431 1377 463 1416 re
486 1359 613 1418 militari
632 1379 700 1418 eum
719 1359 820 1419 fuisse.
861 1359 1003 1421 Huschke
1022 1381 1089 1420 cum

79 1448 148 1507 aliis
181 1447 255 1506 iuris
287 1447 364 1506 sacri
396 1447 507 1505 librum
539 1448 631 1506 fuisse
663 1451 759 1523 putat.
805 1449 961 1525 pontifices
994 1455 1025 1507 et
1052 1448 1090 1508 ad

79 1536 246 1597 evocandos
270 1535 341 1595 deos
365 1541 395 1594 et
419 1535 456 1594 ad
480 1536 653 1596 devovendo
671 1537 781 1613 oppida
799 1542 919 1613 praesto
939 1538 1040 1616 fuisse,
1065 1538 1090 1597 si

77 1644 127 1685 res
163 1625 195 1684 in
228 1624 319 1684 Italia
356 1625 515 1702 agebatur,
552 1625 698 1685 traditum
732 1629 787 1685 est.
836 1626 1090 1686 Prata-Jordan

78 1715 164 1774 Rom.
182 1713 367 1790 Mythologie
390 1713 405 1772 I
431 1716 502 1774 139.

169 1796 1089 1882 Mwwmb9ffifflwoewmmmfflm

79 1887 196 1972 quinto
219 1907 326 1949 rerum
349 1886 586 1949 reconditarum
612 1884 809 1950 Sammonici
834 1883 945 1950 Sereni
968 1890 1106 1951 utrum·'

80 1973 1089 2059 qmmmmfflmfflffimmmmmmffiffimmfflmm

79 2065 164 2128 libro
203 2063 381 2145 repperisse
419 2062 582 2145 professus
620 2066 677 2126 est.
733 2067 782 2126 est
819 2067 927 2126 autem
959 2085 1089 2127 carmen

79 2151 280 2234 huiusmodi,
305 2173 368 2236 quo
393 2152 424 2214 di
449 2155 630 2233 evocantur,
657 2173 728 2214 cum
752 2153 992 2235 oppugnatione
1016 2152 1091 2215 civi·

79 2240 310 2324 tmeMm

169 2330 293 2394 sitalcus
315 2331 344 2394 si
366 2331 422 2394 dea
444 2334 495 2407 est,
518 2331 569 2394 cui
584 2329 721 2411 populus
743 2330 907 2410 civitasque
928 2328 1090 2413 Cartbapi-

80 2418 198 2483 niensis
220 2422 264 2481 est
284 2419 320 2482 iu
343 2418 445 2501 tutela,
469 2423 552 2500 teque
574 2419 716 2501 manime,
739 2419 792 2482 ille
814 2420 868 2499 qui
890 2419 976 2484 urbis
997 2419 1090 2485 buius

74 2507 243 2590 populique
266 2507 391 2570 tublam
413 2508 559 2588 recepisti,
576 2527 687 2588 precor
708 2527 890 2587 venerorque
911 2509 1091 2589 uariamque

80 2618 101 2660 a
123 2596 207 2660 robis
224 2601 303 2676 peto,
326 2600 361 2658 ut
382 2615 434 2661 cos
449 2597 602 2676 populum
624 2597 833 2677 civitatemque
856 2595 1089 2678 Cartbaqinieu·

80 2705 143 2751 sem
170 2685 328 2762 deseratis,
357 2685 422 2748 bna
445 2685 556 2765 templa
578 2704 669 2748 sacra
691 2685 851 2764 urbemque
874 2705 977 2749 eorum
999 2685 1090 2749 relia-

81 2773 199 2856 quatis,
230 2772 341 2853 absque
367 2772 417 2837 bis
444 2773 559 2838 abeatis
585 2775 671 2855 eique
691 2774 808 2856 populo
835 2774 950 2838 civitati
978 2779 1091 2837 metum

79 2861 279 2942 formidinem
301 2861 480 2925 obliuionem
503 2862 648 2942 inicians,
666 2859 872 2944 propitiiquel
892 2861 1026 2926 Romam
1049 2863 1093 2926 acl

81 2972 128 3015 me
155 2969 293 3032 areasque
317 2951 461 3029 veniatis,
488 2955 652 3032 nostraque
673 2951 757 3015 rabis
779 2951 845 3015 loca
868 2952 979 3032 templa
1001 2971 1091 3014 saara

81 3040 155 3104 urbs
168 3039 317 3120 acceptior
324 3040 540 3120 probatiorque
553 3041 602 3120 sit,
620 3039 755 3121 milvique
761 3039 934 3120 populoque
948 3039 1091 3103 Romana

81 3128 288 3210 militibusque
318 3128 393 3192 meis
418 3129 590 3210 praepositi
620 3125 719 3210 sitis,²
751 3133 786 3191 ut
815 3129 950 3192 sciamus
976 3128 1090 3191 iutell-

79 3237 255 3300 pamusque.
301 3218 329 3280 si
355 3218 401 3281 ita
426 3215 570 3299 feceritis,
597 3237 684 3281 roceo
706 3217 789 3280 nobis
812 3216 924 3296 templa
947 3217 1092 3299 ludosque

51 3306 248 3388 ‘mmmm

156 3451 170 3498 1
196 3444 272 3498 Ocni.
292 3444 420 3498 Husebbe
438 3461 493 3512 pro
515 3443 684 3514 proditique.
782 3449 804 3496 ‘t
827 3443 964 3497 Huacltlee
985 3441 1118 3506 suppleas

83 3515 168 3586 idque
187 3514 296 3570 faciatis
315 3516 392 3570 extis.
