2422 3840
310 174 336 225 8.
362 167 516 224 SERVIUS
534 167 719 225 SULPICIUS
736 168 854 226 RUFUS
1022 170 1084 234 201

60 337 64 341 ’
168 331 244 397 109.
278 329 317 396 Ι).
339 332 397 415 21,
416 332 451 416 2,
474 333 530 416 69,
549 333 579 398 3.
640 331 792 398 Scaevma
829 334 913 398 libro
951 335 1089 399 secundo

77 418 317 497 Quaestionum
346 416 397 506 (P.
421 418 510 506 138).
560 419 645 496 Quid
667 471 711 502 ..‚
742 422 798 505 qui
829 421 952 485 iussum
981 421 1089 487 decern

78 510 156 574 dare
183 509 376 593 pronuntiat
402 509 520 595 viginti
548 509 624 574 dare
653 509 780 587 debers,
811 531 917 574 nonne
949 511 984 574 in
1017 532 1089 576 con·

80 598 242 663 dicionem
274 599 452 662 mentitur?
587 598 715 684 quidam
744 599 1011 664 existimaverunt

78 689 230 752 amonem
251 687 445 752 auctoritatis
467 684 558 752 esse¹=
586 687 642 751 sed
671 688 849 752 auotoritas
873 685 975 752 Servii
997 710 1090 772 prae-

78 775 183 840 valuit
212 775 427 840 existimantis
449 774 512 840 hoc
534 797 611 840 casu
634 797 672 841 ex
696 781 804 860 empto
828 776 988 841 actionem
1012 799 1090 861 esse,

79 864 231 929 videlicet
253 864 333 947 quia
351 865 490 947 putabat
513 885 595 945 eum,
619 864 675 949 qui
696 865 940 948 pronuntiasset
963 887 1089 930 serrum

77 952 199 1038 viginti
218 952 294 1016 dare
313 954 446 1035 iussum,
470 953 690 1018 condicionem
709 955 879 1038 excepisse,
904 975 984 1037 quae
1005 960 1091 1018 esset

76 1042 114 1104 in
137 1041 253 1106 dando.

76 1206 108 1261 Α
135 1139 167 1263 I}
204 1135 328 1218 Mora.
360 1134 508 1190 evictionis
541 1134 753 1204 stipulationem
784 1136 921 1192 contahi.
971 1139 1091 1193 restituit

109 1245 117 1260 .
160 1222 257 1264 amca

170 1298 244 1364 110.
277 1297 315 1363 D.
334 1299 387 1377 44,
408 1300 438 1381 1,
458 1299 508 1362 14.
550 1298 687 1369 Alfenus
709 1297 816 1363 Varus
842 1300 926 1364 libro
951 1302 1090 1381 secundo

78 1386 294 1471 Digestorum
312 1385 361 1472 (P.
377 1383 443 1473 14).
474 1385 577 1450 Filius
595 1387 737 1452 familias
751 1388 947 1471 peculiarem
962 1411 1091 1454 servum

78 1474 239 1558 vendidit,
265 1475 407 1560 pretium
435 1475 611 1560 stipulatus
640 1481 703 1540 est:
733 1478 760 1540 is
789 1477 886 1542 homo
911 1478 1090 1544 redhibitus

78 1569 115 1629 et
147 1569 262 1648 postea
289 1571 438 1643 mortuus
465 1568 523 1628 est.
571 1569 666 1647 pater
692 1563 894 1650 <familias>²
921 1570 1090 1650 pecuniam

79 1652 124 1717 ab
138 1659 284 1736 emptore
298 1652 438 1736 petebat,
455 1675 551 1736 quam
565 1653 651 1718 filius
666 1653 840 1737 stipulatus
856 1661 936 1719 erat.
967 1658 1091 1739 placuit

79 1738 263 1825 <sanna
293 1763 429 1826 aequum
458 1763 527 1806 esse
555 1743 589 1806 in
618 1741 741 1806 factum
767 1745 989 1825 exceptionem
1017 1768 1089 1810 eum

78 1830 221 1895 obicere:
243 1829 339 1914 ‘quod
361 1830 499 1913 pecunia
522 1830 564 1895 ob
587 1830 751 1894 hominem
774 1831 865 1895 illum
890 1835 1089 1917 expromissa

78 1922 146 2001 est,
169 1919 225 2003 qui
246 1918 427 1983 redhibitus
452 1919 523 1983 est'.

151 2026 168 2075 2
187 2021 239 2078 ΡΙ.
258 2023 288 2076 et
304 2023 385 2092 pater
403 2022 470 2077 eius.

448 2147 492 2201 De
511 2146 585 2200 lectis
602 2145 727 2200 venditis.

172 2239 245 2303 111.
274 2237 310 2303 D.
332 2237 493 2322 18,6,13.
513 2237 563 2302 15.
608 2234 729 2301 Paulus
756 2236 839 2301 libro
863 2237 958 2300 tertio
982 2236 1090 2303 Alfeni

79 2327 296 2413 epitomarum
319 2321 370 2413 (P.
389 2324 456 2411 52).
502 2325 617 2391 Lectos
646 2330 770 2410 emptor
801 2325 926 2407 aedilis,
954 2347 1026 2390 cum
1055 2328 1089 2390 in

78 2417 132 2481 vla
160 2415 291 2498 publica
318 2415 416 2499 positi
445 2418 564 2498 essent,
596 2415 751 2479 concidit:
783 2415 811 2479 si
839 2413 954 2478 traditi
980 2419 1089 2480 essent

80 2504 221 2588 emptori
245 2507 302 2568 aut
324 2525 382 2587 per
405 2525 477 2567 eum
502 2503 647 2568 stetisset
670 2526 733 2589 quo
753 2503 857 2567 minue
877 2503 1090 2587 traderentur,

80 2592 240 2676 emptoris
261 2593 439 2676 periculum
459 2613 530 2655 esse
548 2592 663 2674 placet.
706 2591 791 2676 quod
811 2593 839 2656 si
858 2614 960 2677 neque
979 2594 1090 2658 traditi

80 2685 191 2747 essent
212 2702 314 2763 neque
333 2683 461 2764 emptor
478 2680 512 2745 in
532 2702 623 2745 mora
641 2681 759 2745 fuisset
778 2702 841 2765 quo
860 2682 966 2746 minus
985 2683 1089 2747 trade·

79 2774 205 2852 rentur,
229 2769 405 2834 venditoris
429 2770 606 2852 periculum
630 2771 698 2833 erit.

168 2872 313 2932 Alfenum
336 2873 378 2932 sic
400 2872 463 2931 fere
487 2871 640 2948 scripsisse
663 2874 750 2948 puto:
775 2865 884 2932 ‘lectos
904 2919 910 2932 .
927 2919 933 2932 .
953 2873 1090 2933 concidit.

78 2961 199 3022 Suetus
213 2962 247 3020 de
261 2978 335 3021 eure
345 2962 489 3020 musellas
498 2962 658 3034 respondet:
673 2959 699 3019 si
708 2960 814 3019 traditi
824 2964 932 3039 essent,
947 2963 1089 3038 emptoris

78 3050 248 3126 periculum
268 3067 340 3128 esse,
364 3049 391 3108 si
412 3069 510 3126 nequo
529 3094 535 3106 .
552 3094 581 3110 ..
601 3048 800 3124 traderentur,
822 3049 988 3109 venditoris
1011 3050 1087 3124 peri-

78 3139 180 3200 culum
207 3132 294 3198 essa'

382 3225 429 3285 De
451 3227 587 3286 locatione
609 3227 798 3286 conductione.

431 3333 475 3389 De
492 3335 581 3400 feodo
599 3335 739 3389 cardamo.

171 3434 244 3500 112.
277 3431 316 3497 D.
337 3433 392 3518 15,
410 3434 446 3516 3,
467 3434 516 3499 16.
558 3433 694 3498 Alfenus
722 3432 806 3497 libro
831 3431 970 3496 mcundo
995 3430 1090 3518 Dige-

82 3527 206 3590 storum
229 3519 278 3610 (P.
300 3521 365 3607 11).
406 3521 543 3599 Quidam
567 3523 703 3589 fundum
726 3521 899 3590 colendum
919 3542 1017 3586 serso
1037 3544 1102 3583 suo
