2422 3840
97 157 140 220 56
176 155 224 212 IV.
246 155 392 211 SEPTIMI
410 153 508 213 SAEO.
522 154 617 211 IURIS
632 153 803 212 CONSULT.
818 154 943 210 saulus
958 151 1105 212 ALTERA

95 324 215 401 scriptis
234 323 350 383 Mucius
372 343 527 402 nunquam
549 323 703 383 laudetur:
726 343 821 400 neque
840 325 871 382 in
891 323 989 383 Servii
1006 344 1103 402 neque

94 414 127 472 in
150 411 232 473 Ofilii
253 431 350 490 neque
372 413 404 472 in
425 412 575 472 Labeonis
601 430 697 489 neque
719 412 751 471 in
772 412 930 489 Pomponii
952 432 1051 489 neque
1074 414 1104 472 in

96 501 164 561 Gaii
191 501 275 561 libris
302 502 467 579 invenitur,
495 504 619 578 excepta
643 493 797 561 ‘cautione
819 494 984 579 Muciana',
1012 521 1105 579 quam

96 589 188 650 Gaius
220 590 311 649 etiam
341 591 374 649 in
405 590 489 649 libris
522 590 560 648 ad
592 589 725 649 edictum
750 589 933 665 provinciale
960 592 1104 651 nominat.

96 679 128 737 in
152 678 237 738 libris
261 679 299 738 ad
323 678 454 738 edictum
476 678 595 754 scriptis
619 677 652 747 Q.
670 678 804 737 Mucium
826 678 929 757 primi,
956 683 1105 756 quantum

98 767 236 846 cognosci
257 770 372 845 potest,
396 767 510 826 Paulas
534 770 565 827 et
586 765 734 842 Ulpianus
757 766 892 826 laudant.

519 888 678 896 ——-

184 960 267 1031 Quae
295 961 332 1020 de
359 960 392 1031 Q.
414 960 515 1020 Mucio
542 961 718 1039 traduntur,
747 981 783 1021 ex
809 960 847 1021 iis
875 961 1015 1039 ampliari
1038 982 1103 1039 pos·

96 1054 175 1123 sunt,
194 1069 271 1127 qnae
289 1048 471 1126 posteriores
490 1049 564 1109 iuris
582 1050 712 1110 consulti
728 1049 764 1109 de
779 1044 956 1111 ‘veteribus'
970 1052 1102 1111 tradunt

95 1158 243 1215 quaenam
270 1141 407 1198 veterum
434 1139 599 1198 sententiae
621 1138 719 1198 Mucio
746 1137 876 1198 adscribi
901 1140 951 1199 vel
977 1139 1104 1200 debeant

95 1229 143 1288 vel
170 1227 300 1304 possint,
326 1246 342 1286 e
365 1227 540 1303 fragmentis
563 1227 652 1286 certis
676 1227 770 1287 conici
792 1228 875 1302 licet3
903 1227 1009 1305 itaque
1032 1231 1104 1289 haee

95 1335 143 1376 res
173 1319 204 1375 in
232 1315 358 1392 singulis
386 1316 563 1391 fragmentis
591 1316 778 1391 explorandis
807 1316 1023 1377 consideranda
1051 1321 1104 1378 est.

475 1527 500 1586 Ι.
531 1528 724 1604 Responsa.

186 1650 219 1721 Q.
233 1651 367 1710 Mucium
381 1654 411 1710 et
430 1669 448 1709 a
465 1651 694 1729 magistratibus
713 1656 744 1711 et
762 1671 781 1712 a
798 1652 924 1728 privatis
938 1653 1104 1729 plurimum

97 1740 133 1799 de
156 1739 221 1799 iure
243 1739 364 1816 publico
388 1744 419 1799 et
440 1740 559 1816 privato
582 1740 755 1800 consultum
772 1741 865 1801 fnisse
884 1741 1033 1801 traditum
1052 1746 1104 1802 est.

97 1827 199 1888 Cicero
227 1828 263 1888 de
293 1832 367 1888 orat.
389 1831 420 1908 1,
435 1831 492 1905 45,
507 1831 571 1889 200
599 1823 658 1889 ‘est
686 1829 765 1888 enim
793 1831 856 1890 sino
884 1830 974 1891 dubio
999 1831 1106 1891 domus

96 1917 170 1977 iuris
194 1917 323 1977 consulti
341 1918 435 1978 totius
455 1919 611 1977 oraculum
630 1918 770 1979 civitatis.
806 1919 895 1979 testis
914 1922 961 1978 est
979 1920 1106 1980 huiusce

97 2005 131 2076 Q.
153 2006 247 2066 Mucii
268 2006 359 2066 ianua
382 2010 413 2066 et
434 2007 632 2083 vestibulum,
655 2007 735 2082 quod
759 2007 791 2065 in
814 2007 878 2067 eius
901 2006 1111 2068 infirmissima-

95 2095 269 2155 valetudine
302 2096 466 2172 affectaque
498 2094 559 2153 iam
591 2098 689 2154 aetate
721 2095 851 2155 maxima
880 2095 1015 2173 quotidie
1049 2098 1107 2157 fre·

97 2185 219 2260 quentia
251 2184 362 2243 civium
390 2201 425 2242 ac
453 2200 637 2242 summorum
664 2183 819 2243 hominnm
846 2185 1002 2261 splendore
1028 2187 1106 2246 cele·

96 2266 222 2332 bratur?
256 2272 435 2349 quibusdam
455 2270 490 2330 de
509 2271 599 2331 rebus
618 2290 687 2330 eum
705 2273 824 2349 saepius
843 2276 874 2332 et
892 2292 1008 2350 semper
1026 2274 1108 2334 idem

95 2359 284 2437 respondisse
320 2359 458 2437 legimus.
513 2357 589 2419 (alell.
617 2363 650 2439 3,
670 2362 703 2437 2,
724 2363 763 2420 12
798 2355 842 2431 ‘Q
870 2362 1004 2421 Mucium
1040 2363 1107 2423 iure

97 2449 269 2507 consultum
286 2447 383 2507 dicere
402 2440 536 2507 solitnm’
556 2451 586 2508 et
605 2470 632 2526 q.
646 2467 669 2508 s.
701 2449 882 2526 Pomponius
901 2451 935 2511 D.
950 2453 1001 2524 50,
1018 2454 1047 2526 7,
1065 2454 1114 2512 10

98 2533 141 2605 ‘Q
165 2536 284 2595 Mucius
307 2580 339 2596 ..
362 2536 469 2596 solitus
494 2539 540 2595 est
561 2532 761 2614 respondere’.
803 2539 840 2598 cf.
864 2532 1007 2598 ‘dicebat'
1030 2533 1108 2622 (Cic.

97 2625 133 2684 do
166 2626 213 2684 off.
242 2627 276 2700 3,
297 2627 351 2702 17,
371 2627 422 2685 30.
463 2624 559 2685 Varro
588 2626 624 2686 de
652 2626 670 2686 1.
695 2627 714 2686 l.
740 2628 772 2705 5,
793 2629 848 2704 15,
868 2629 918 2687 83.
958 2627 1045 2687 Paul.
1069 2630 1107 2688 D.

97 2716 149 2788 40,
170 2715 220 2790 13,
239 2715 280 2772 23
295 2708 365 2792 pn),
392 2707 516 2773 ‘aiebat'
539 2706 651 2795 (Varro
675 2716 710 2774 de
733 2715 752 2774 l.
776 2717 796 2773 1.
821 2718 849 2792 6,
868 2718 897 2790 4,
917 2708 988 2796 30),
1012 2709 1109 2776 ‘affir-

97 2794 211 2861 mabat'
235 2796 379 2880 (Macrob.
398 2805 454 2862 sat.
475 2806 502 2879 1,
523 2795 654 2884 16,10),
677 2795 1034 2884 ξ1111111111111(06111111).
1056 2809 1108 2884 18,

99 2893 131 2968 1,
152 2881 217 2970 59).
268 2889 299 2948 in
326 2890 478 2950 nonnullis
506 2891 596 2951 rebus
624 2911 733 2952 novam
755 2893 1034 2967 interpretationem
1058 2896 1107 2955 vel

97 2979 267 3039 cautionem
291 2978 420 3038 admisit.
462 2977 530 3055 Ulp.
549 2980 587 3040 D.
607 2983 634 3056 7,
654 2982 684 3056 8,
703 2982 732 3039 4.
754 2984 787 3057 13
811 2983 862 3057 35,
883 2984 910 3059 1,
931 2983 959 3040 7.
978 3002 1024 3058 pr.
1110 3026 1113 3033 ·

187 3065 220 3137 Q.
249 3068 342 3127 Mucii
372 3087 515 3145 responsa
546 3087 642 3144 pauca
671 3071 793 3129 tantum
821 3073 903 3129 certa
929 3070 1095 3132 traduntur

98 3173 166 3214 cum
190 3155 268 3215 enim
290 3155 383 3217 libros
406 3156 572 3233 scripserit,
596 3176 730 3232 eaquae
753 3158 887 3217 Mucium
910 3159 1031 3240 dixisse,
1053 3179 1109 3220 ne-

97 3262 192 3322 gasse,
214 3248 344 3321 putasse,
366 3245 551 3306 existimasse
575 3265 708 3321 quaeque
733 3247 761 3306 ei
782 3246 930 3323 placuisse
955 3248 1109 3326 dicuntur,

98 3351 133 3391 ox
165 3333 249 3393 libris
282 3334 390 3393 hausta
423 3352 486 3394 esse
519 3337 653 3409 possunt.
703 3335 783 3394 inter
815 3340 898 3396 certa
929 3340 1032 3396 autem
1061 3358 1106 3398 re·

98 3440 206 3498 sponsa
229 3422 435 3482 collocandum
457 3425 531 3499 puto
553 3422 589 3481 D.
612 3420 773 3501 19,1,40,
795 3442 863 3483 curn
885 3425 911 3484 is
935 3426 988 3503 qui
1012 3419 1107 3486 ‘vere-

96 3504 200 3569 batur'
219 3530 280 3570 non
305 3514 421 3587 emptor
439 3511 621 3586 consultans,
644 3512 698 3572 sed
716 3512 832 3572 Mucius
851 3515 891 3573 sit
909 3509 1108 3594 Querebatur,
