2422 3840
367 182 391 232 5.
417 175 445 230 O.
459 174 663 229 TREBATIUS
682 174 799 229 TESTA
1024 173 1087 238 399

80 339 309 403 commercium
337 359 404 403 non
430 337 546 421 habes,
574 337 675 421 legari
697 337 758 401 tibi
780 358 875 421 posse
898 336 1089 402 Trebatium

77 428 291 511 respondisse.

168 518 198 581 8.
225 515 264 580 D.
279 515 332 598 35,
349 517 376 594 1,
390 516 443 598 40,
457 516 488 580 4.
518 513 607 578 Idem
627 510 828 599 (Iavolenus)
845 513 929 578 libro
949 513 1087 579 seeundo

78 627 117 669 ex
140 605 373 688 posterioribus
391 603 552 668 Labeonis
576 599 623 687 (P.
644 598 732 688 186).
768 600 831 678 Qui
854 602 994 667 dotalem
1018 603 1089 667 tun-

78 694 154 757 dum
181 694 307 757 nullum
337 692 491 776 habebat,
518 693 564 756 ita
587 691 767 774 legaverat:
795 689 947 755 ‘fundum
970 689 1089 756 Corne-

76 784 214 866 lianum,
246 804 341 865 quem
372 782 430 846 illa
461 780 541 846 mihi
573 778 643 844 doti
674 778 776 861 dedit,
808 780 838 844 ei
865 780 959 844 heres
990 779 1089 845 dato'.

76 870 185 935 Labeo
214 869 328 935 Ofilius
356 870 529 934 Trebatius
559 867 793 953 responderunt
821 868 957 933 fundum
985 869 1087 933 nihilo

77 960 185 1023 minus
209 961 355 1045 legatum
379 981 458 1042 esse,
482 957 568 1043 quia,
590 979 664 1022 oum
685 957 804 1021 fundus
824 954 1036 1022 Cornelianus
1055 959 1090 1023 in

76 1070 185 1112 rerum
219 1054 338 1113 natura
374 1048 429 1131 sit,
466 1046 698 1111 demonstratio
731 1045 815 1110 falsa
845 1047 992 1129 legatum
1023 1067 1089 1110 non

77 1137 222 1220 peremit.

356 1223 400 1277 Da
416 1223 501 1289 fundi
518 1223 698 1276 instrumento
717 1221 812 1290 legato.

166 1322 197 1387 9.
229 1322 268 1386 Ι).
286 1323 344 1398 33,
364 1324 397 1404 7,
416 1322 473 1406 25,
493 1324 522 1386 1.
562 1320 734 1386 Iavolenus
766 1320 850 1384 libro
883 1321 1022 1385 secundo
1051 1343 1089 1385 ex

77 1410 313 1494 posterioribus
327 1410 490 1475 Labeonis
506 1409 554 1493 (P.
572 1410 658 1492 182).
691 1408 828 1485 Quidam
848 1429 921 1473 oum
940 1409 974 1473 in
988 1409 1088 1474 fundo

77 1500 206 1583 figlinas
224 1500 368 1582 haberet,
390 1499 565 1584 figulorum
584 1520 682 1582 opera
702 1499 824 1561 maiore
842 1503 934 1580 parte
953 1499 1030 1563 anni
1049 1498 1088 1563 ad

78 1610 158 1671 opus
185 1589 341 1653 rusticum
365 1589 531 1666 utebatur,
558 1586 671 1651 deinde
695 1587 764 1650 eins
787 1586 876 1649 fundi
899 1587 1089 1652 instrumen-

77 1680 147 1740 tum
172 1678 345 1762 legaverat.
382 1676 490 1740 Labeo
509 1674 680 1739 Trebatius
703 1695 770 1739 non
793 1675 894 1739 videri
916 1676 1035 1760 figulos
1054 1677 1089 1741 in

77 1766 292 1830 instrumento
315 1765 408 1828 fundi
431 1786 511 1828 esse.

458 1920 502 1973 De
519 1934 593 1973 seruo
612 1919 706 1987 leonto.

170 2020 220 2085 10.
246 2020 286 2085 D.
306 2021 362 2102 33,
381 2021 415 2104 8,
433 2020 491 2102 22,
510 2019 539 2082 1.
579 2017 688 2082 Labeo
712 2018 795 2083 libro
820 2019 959 2084 seeundo
982 2025 1088 2104 poste·

79 2109 200 2171 riorum
228 2131 248 2173 a
273 2109 427 2173 Iavoleno
454 2108 705 2191 epitomatorem
728 2101 776 2193 (P.
799 2106 883 2192 183).
928 2107 1089 2174 Dominus

80 2218 221 2280 servum,
254 2198 309 2282 qui
341 2219 413 2262 eum
445 2217 483 2260 eo
515 2196 670 2260 vioarium
703 2216 906 2259 communem
938 2196 1089 2282 habebat,

78 2288 275 2350 testamento
313 2285 548 2350 manumiserat
585 2288 618 2347 et
652 2283 814 2368 peculium
850 2285 880 2349 ei
915 2285 1089 2370 legaverat,

79 2373 192 2436 deinde
215 2374 321 2460 ipsum
344 2374 509 2457 vicarium,
528 2372 584 2456 qui
602 2372 781 2437 eommunis
800 2378 879 2457 erat,
896 2375 1088 2439 nominatim

79 2466 112 2526 et
141 2462 203 2545 ipsi
232 2467 264 2526 et
290 2463 425 2527 libertae
454 2484 530 2527 suae
557 2462 734 2545 legaverat.
783 2461 935 2545 respondi
962 2467 1088 2546 partem

80 2555 228 2636 quartam
255 2552 404 2634 libertae,
431 2551 589 2634 reliquam
617 2554 744 2634 partem
774 2551 953 2634 [quartam]
981 2551 1089 2616 liberti

79 2640 234 2723 futuram,
259 2641 343 2724 qnod
367 2644 399 2704 et
422 2639 604 2703 Trebatius.

353 2806 396 2859 De
413 2805 477 2859 uino
495 2805 550 2859 oleo
568 2803 704 2870 frumento
722 2804 818 2873 leuato.

170 2905 221 2969 ll.
249 2903 288 2970 D.
307 2906 363 2990 33,
383 2905 416 2988 6,
437 2904 487 2969 16.
528 2902 619 2967 Idem
642 2899 857 2991 (Prooulnsl)
882 2906 967 2969 libro
990 2906 1087 2970 tertio

80 3014 116 3057 ex
140 2995 372 3076 posterioribus
391 2991 551 3057 Labeonis
571 2991 621 3077 (P.
636 2991 701 3076 34).
738 2991 802 3069 Qui
823 2995 934 3058 vinum
955 2992 1088 3059 Surren-

78 3083 186 3146 tinum
212 3084 247 3147 in
275 3081 441 3146 urnalibus
467 3079 611 3145 habebat
638 3080 801 3165 diffusum,
829 3082 857 3145 is
886 3081 948 3146 tibi
976 3083 1088 3147 vinum

78 3170 244 3254 legaverat
275 3171 310 3235 in
343 3169 508 3254 amphoris
541 3190 645 3234 omne.
697 3168 778 3234 illud
810 3191 936 3254 quoque
969 3171 1088 3250 vinum,

79 3259 165 3342 quod
188 3261 221 3324 in
243 3261 412 3324 urnalibus
435 3258 560 3341 fuisset,
582 3259 726 3342 legatum
746 3280 815 3322 esse
834 3257 942 3322 Labeo
962 3263 995 3322 et
1013 3259 1089 3323 Tre-

77 3347 186 3412 batius
209 3349 453 3433 responderunt.

169 3437 219 3501 12.
247 3435 285 3502 D.
305 3438 361 3521 33,
381 3438 415 3519 6,
436 3437 516 3519 lpr.
559 3433 730 3500 Iavolenus
763 3434 846 3500 libro
880 3436 1019 3502 seeundo
1049 3459 1088 3501 ex

77 3525 312 3608 posterioribus
349 3525 509 3590 Labeonis
541 3523 595 3614 (P.
620 3523 716 3612 180).
768 3523 918 3601 Quidam
937 3524 1118 3584 *sensuam
