2422 3840
388 165 412 213 1.
435 158 465 212 P.
481 157 644 251 suenrus
664 157 784 214 VARUS
1025 159 1088 223 287

77 323 285 408 singulorum
303 320 445 386 iudicum
468 323 607 385 mutatio
632 321 764 384 eandem
787 343 856 386 rem
876 345 919 386 an
937 323 1025 388 aliud
1043 324 1088 387 iu·

76 411 202 476 dicium
221 410 360 476 fecisset.
396 409 557 494 respondi,
574 415 641 475 non
659 410 754 475 modo
775 411 803 474 si
822 433 903 475 unus
924 416 979 476 aut
998 413 1089 493 alter,

77 500 137 565 sed
170 503 202 562 et
225 500 253 563 si
276 520 388 564 omnes
410 497 531 563 iudices
555 499 671 561 mutati
695 506 810 581 essent,
833 503 944 564 tamen
967 506 1000 564 et
1022 523 1090 564 rem

77 588 216 654 candem
245 590 278 652 et
304 586 459 652 iudicium
485 587 570 651 idem
599 587 683 672 quod
707 593 803 652 antea
826 587 941 652 fuisset
967 610 1090 672 perma-

77 699 172 760 nere,
199 698 302 762 neque
330 677 364 740 in
391 676 453 741 hoc
476 677 581 740 solum
605 677 744 758 evenire,
772 680 809 741 ut
837 678 983 760 partibus
1007 699 1090 742 com-

78 767 219 832 mutatis
236 765 348 830 eadem
367 787 418 829 res
437 787 507 829 esse
527 764 775 848 existimaretur,
799 766 854 830 sed
874 769 909 829 et
925 767 960 830 in
978 766 1090 831 multis

77 856 197 920 ceteris
229 856 338 937 rebus,
370 876 445 917 nam
479 859 511 917 et
541 853 703 938 legionem
732 854 864 918 eandem
895 855 1021 937 haberi,
1053 876 1092 918 ex

78 966 146 1029 quc
168 942 264 1008 multi
287 943 507 1026 decessissent,
531 963 667 1028 quorum
689 942 723 1007 in
747 943 851 1007 locum
876 944 933 1007 alii
956 945 1091 1021 subiecti

78 1037 204 1117 essent,
237 1036 269 1096 et
294 1032 449 1116 populum
478 1032 612 1095 eundem
643 1032 701 1096 hoc
729 1034 873 1115 tempore
902 1033 1009 1116 putari
1037 1032 1091 1115 qui

79 1120 200 1187 abhinc
223 1126 351 1185 centum
375 1120 468 1184 annis
491 1120 638 1201 fuissent,
662 1141 734 1184 curn
758 1142 796 1184 ex
820 1122 865 1185 eis
888 1142 982 1185 nemo
1006 1142 1090 1186 nunc

78 1211 223 1293 viveret,
250 1210 389 1293 itemque
416 1230 546 1293 navem,
574 1207 602 1272 si
630 1209 709 1273 adeo
734 1231 829 1293 saepe
853 1210 973 1274 refecta
996 1212 1090 1293 esset,

77 1302 118 1364 ut
151 1298 243 1364 nulla
274 1298 386 1362 tabula
419 1297 529 1361 eadem
560 1301 763 1381 permaneret
796 1320 877 1382 quae
909 1321 992 1363 non·
1006 1319 1091 1362 nova

78 1387 213 1469 fuisset,
239 1386 342 1451 nihilo
370 1385 476 1451 minus
505 1386 639 1450 eandem
665 1386 780 1450 navem
810 1409 879 1451 esse
904 1386 1090 1451 existimari.

80 1476 170 1562 quod
198 1476 228 1540 si
254 1475 326 1559 quis
349 1478 479 1559 putaret
501 1475 649 1559 partibus
673 1476 880 1540 commutatis
903 1477 1001 1540 aliam
1023 1497 1091 1539 rem

79 1566 163 1650 fieri,
181 1564 250 1629 fore
268 1568 306 1628 ut
319 1586 358 1628 ex
372 1564 440 1629 eius
453 1565 579 1628 ratione
593 1585 653 1628 nos
667 1565 731 1648 ipsi
750 1587 814 1629 non
833 1565 930 1629 iidem
949 1586 1090 1628 essemus

80 1654 140 1740 qui
164 1653 283 1718 abhinc
305 1673 389 1717 anno
412 1652 594 1736 fuissemus,
616 1657 786 1736 propterea
810 1653 904 1738 quod,
927 1658 965 1718 ut
987 1654 1091 1736 philo-

80 1742 180 1828 sophi
204 1740 355 1826 dicerent,
378 1763 416 1805 ex
440 1742 557 1826 quibus
580 1741 747 1825 particulis
771 1743 914 1806 minimis
936 1743 1092 1807 consiste-

80 1853 206 1914 remus,
242 1829 302 1894 hae
339 1830 472 1895 cottidie
509 1851 548 1894 ex
583 1835 695 1894 nostro
734 1851 866 1914 corpore
905 1831 1092 1894 decederent

81 1920 231 2004 aliaeque
254 1918 451 1983 extrinsecus
474 1919 508 1982 in
532 1940 640 1984 earum
660 1919 766 1982 locum
786 1919 981 1982 accederent.
1015 1940 1093 2001 qua-

80 2013 218 2094 propter
241 2008 331 2074 cuius
354 2008 546 2092 reispecies
570 2006 680 2071 eadem
704 2009 904 2091 consisteret,
927 2028 994 2070 rem
1015 2028 1091 2090 quo-

82 2119 146 2182 quc
169 2097 304 2175 eandem
327 2118 397 2161 csse
420 2095 605 2160 existimari.

377 2262 421 2317 Dc
438 2263 543 2316 arbitro
560 2261 802 2330 conprnnteeorio.

178 2363 227 2427 13.
250 2361 289 2426 D.
303 2363 334 2446 4,
349 2361 379 2446 8,
392 2361 444 2426 50.
471 2361 607 2426 Alienus
622 2361 705 2425 libro
721 2362 858 2446 septimo
875 2360 1092 2445 Digestorum.

83 2451 219 2517 Arbiter
244 2471 282 2514 ex
301 2451 532 2535 compromisso
552 2454 701 2533 sumptus
720 2471 793 2514 cum
813 2453 887 2514 ante
907 2471 978 2514 eum
998 2449 1092 2532 diem,

83 2540 140 2626 qui
168 2539 365 2605 constitutus
393 2539 626 2622 compromisso
655 2543 737 2622 erat,
766 2538 960 2603 sententiam
989 2538 1092 2602 dicere

83 2652 151 2694 non
174 2634 299 2714 posset,
326 2627 411 2692 diem
434 2628 657 2710 compromissi
675 2627 812 2712 proferri
830 2627 976 2693 iusserat.
1011 2628 1093 2691 alter

84 2740 125 2783 ex
147 2716 368 2800 litigatoribus
392 2716 478 2781 dicto
502 2715 633 2780 audiens
657 2739 720 2781 non
744 2715 857 2780 fuerat.
903 2716 1093 2781 consuleba-

83 2811 140 2872 tur
173 2808 326 2890 possetne
358 2805 397 2870 ab
432 2826 468 2869 eo
501 2805 637 2889 pecunia
673 2826 711 2869 ex
748 2806 981 2889 compromisso
1017 2805 1092 2887 peti.

84 2894 240 2979 respondi
263 2915 328 2958 non
350 2915 455 2979 posse,
478 2894 550 2958 ideo
574 2894 659 2975 quod
681 2915 747 2957 non
770 2898 856 2958 esset
878 2894 1001 2957 arbitro
1025 2914 1093 2975 per·

55 2991 59 2997 '
86 2986 237 3062 missum,
259 2985 296 3046 ut
317 2982 350 3046 id
373 2983 505 3046 iuberet.

313 3146 357 3200 Dc
375 3148 482 3218 arpenti
496 3148 566 3216 pwri
580 3148 646 3215 pnte'
663 3147 870 3215 etpntficcttonc.

178 3248 230 3314 14.
262 3245 344 3312 Geli.
364 3249 393 3326 7,
412 3247 445 3330 5,
467 3247 495 3311 1.
522 3283 559 3291 -
585 3248 619 3310 in
640 3246 769 3328 foedere,
796 3248 878 3327 quood
899 3246 1093 3327 1111111111-

87 3339 153 3403 tnm
184 3337 363 3402 Romanurn
398 3341 427 3400 ct
457 3334 725 3419 Oorthupintenses
753 3336 911 3418 factumst,
947 3336 1094 3416 scriptum

87 3428 256 3504 inuenitur,
283 3431 319 3490 nt
340 3423 607 3507 Ocrttopinicnecs
634 3425 798 3506 quotannis
815 3425 929 3506 populo
951 3424 1093 3488 Romano

88 3518 199 3582 durent
219 3518 334 3580 certum
350 3515 475 3597 pondus
497 3515 617 3597 arpenti
633 3515 712 3598 puri
731 3514 810 3598 peti.
850 3514 1027 3596 quoesitun
1048 3516 1110 3589 est,
