2422 3840
118 153 185 223 422
219 153 291 209 VIII.
306 151 655 210 commensalem
671 152 843 209 CONSULT.
854 153 980 208 suffles
994 153 1132 211 TERTIA

43 316 46 321 ’
120 318 227 403 operis
256 317 320 382 mei
347 317 425 382 vitio
454 317 609 382 damnum
636 316 697 381 tibi
722 317 793 382 dari
815 316 850 381 in
872 338 911 381 ea
932 339 982 402 re,
1009 318 1044 382 in
1069 342 1135 404 qua

119 407 190 472 iure
221 429 293 471 meo
326 428 404 471 usus
436 427 517 471 sum.
567 405 594 470 si
622 408 731 471 tamen
759 409 827 470 tam
856 406 921 470 alte
947 404 1070 472 fodiam
1099 409 1135 473 in

120 516 207 578 meo,
233 498 271 559 ut
297 496 404 579 paries
432 498 507 560 tuus
535 497 621 560 stare
648 515 713 559 non
741 494 860 577 possit,
831 494 996 559 tdamni
1019 497 1134 562 inlecti

121 546 266 668 stipdlet
256 605 288 648 10
315 584 546 649 committetur.

208 673 239 739 5.
261 673 298 738 D.
308 672 360 756 39,
370 674 400 757 2,
411 672 462 737 25
490 672 611 737 Paulus
630 671 713 737 libro
732 671 995 755 septuagensimo
1016 678 1132 741 octavo

119 762 160 826 ad
184 761 267 826 edict
253 765 322 825 tum
346 723 400 847 (R'
416 757 504 847 829)
550 758 720 825 Trebatius
749 762 796 825 ait
823 759 923 825 etiam
951 783 1024 826 eum
1048 765 1134 829 acci-

119 872 194 936 pere
218 851 384 933 damnum,
407 851 496 915 ouius
520 849 646 914 aedium
670 849 846 914 luminibus
870 849 992 915 officiat
978 853 1041 916 tur.

470 1050 552 1124 Quod
573 1052 603 1108 ιι·
625 1054 678 1110 out
698 1051 781 1110 elom.

208 1170 238 1235 6.
266 1168 305 1233 D.
323 1169 382 1253 43,
400 1169 457 1252 24,
475 1170 528 1253 22,
547 1168 576 1233 3.
616 1167 792 1234 Venuleius
815 1168 900 1233 libro
924 1170 1063 1235 seeundo
1086 1170 1133 1234 in-

119 1258 330 1322 terdictorum
359 1257 408 1343 (P.
429 1255 494 1344 11).
547 1254 581 1322 Si
614 1260 737 1323 stercus
769 1280 826 1342 per
857 1257 993 1322 fundum
1024 1280 1133 1324 meum

117 1347 246 1432 tuleris,
274 1368 346 1410 cum
374 1346 408 1410 id
431 1350 463 1410 te
485 1346 592 1411 facere
614 1347 802 1425 vetuissem,
831 1368 1027 1431 quamquam
1051 1348 1133 1413 nihil

119 1436 229 1500 damni
256 1436 370 1501 feceris
397 1435 478 1500 mihi
504 1456 565 1500 nec
592 1435 683 1500 fundi
709 1435 774 1500 mei
799 1436 989 1517 mutaveris,
1020 1440 1133 1501 temen

120 1525 222 1589 teneri
244 1528 277 1588 te
301 1524 386 1608 quod
407 1525 441 1588 vi
464 1527 520 1590 aut
543 1524 628 1589 clam
651 1523 822 1590 Trebatius
846 1525 901 1588 ait.

208 1643 310 1705 Cicero
328 1663 383 1720 pro
403 1643 503 1704 Tullio
523 1647 574 1720 23,
590 1646 644 1704 53:
670 1638 709 1704 ³..
730 1645 755 1704 si
774 1644 862 1704 hodie
881 1645 1032 1720 postulem
1050 1645 1131 1720 quod

118 1732 150 1793 vi
177 1737 230 1793 aut
258 1733 335 1792 clam
363 1734 476 1793 factum
504 1733 557 1808 sit,
585 1736 621 1792 1ιι
648 1735 702 1791 aut
728 1752 784 1808 per
810 1733 959 1792 arbitrum
986 1733 1131 1794 restituas

118 1824 172 1881 aut
195 1823 353 1897 sponsione
376 1821 580 1882 condemneris
602 1840 724 1882 necesse
748 1815 815 1881 est'.

209 1941 236 2007 7.
265 1939 304 2006 D.
322 1941 375 2024 43,
394 1941 446 2023 24,
466 1941 495 2023 1,
515 1940 543 2004 7.
580 1939 740 2026 Ulpianus
763 1941 845 2005 libro
870 1941 1131 2026 septuagensimo

119 2029 225 2115 primo
245 2030 284 2094 ed
304 2029 442 2095 edictum
461 2026 509 2116 (P.
527 2027 634 2114 1592).
669 2026 720 2117 (si
739 2031 810 2114 quis
829 2029 915 2095 iaetu
933 2031 985 2094 vel
1005 2030 1132 2095 minimi

118 2119 223 2203 lapilli
255 2118 440 2204 prohibitus
473 2117 575 2183 lacere
607 2119 862 2200 perseveraverit
893 2119 1012 2199 facere,
1044 2119 1131 2184 hunc

119 2229 245 2292 quoque
276 2208 308 2273 vi
341 2206 457 2272 fecisse
488 2205 590 2271 videri
619 2206 737 2271 Pedius
765 2213 798 2271 et
825 2206 1024 2292 Pomponius
1053 2209 1131 2273 sori·

118 2294 304 2382 bunt...)
347 2295 402 2360 sed
439 2299 472 2360 et
508 2295 535 2359 si
571 2299 685 2361 contra
720 2296 930 2361 testationem
966 2296 1132 2362 denuntia·

117 2386 303 2470 tionemque
332 2384 457 2469 fecerit,
485 2383 571 2448 idem
599 2405 669 2449 esse
697 2381 874 2449 Cascellius
902 2389 935 2448 et
958 2384 1131 2450 Trebatius

116 2477 244 2558 putant.

459 2584 591 2658 Deposui·
612 2585 657 2642 vel
679 2589 787 2645 contra.

207 2705 235 2769 8.
263 2701 303 2766 D.
324 2703 375 2787 16,
394 2702 424 2780 3,
444 2704 477 2782 1,
490 2702 544 2767 41.
581 2702 742 2787 Ulpianus
765 2703 849 2768 libro
870 2703 1063 2788 trigensimo
1089 2705 1130 2769 ad

118 2792 258 2857 edictum
277 2787 326 2876 (P.
342 2788 444 2878 196⁰).
483 2789 517 2855 si
537 2790 618 2856 cista
637 2792 765 2876 signata
785 2792 931 2875 deposita
950 2792 1000 2877 sit,
1020 2798 1130 2858 utrum

118 2881 201 2945 cista
228 2885 354 2944 tautum
383 2883 514 2982 petatur
542 2902 583 2944 an
607 2883 641 2944 et
663 2881 785 2963 species
809 2881 1129 2965 comprehendendae

118 2970 183 3034 sint
168 2968 205 3034 11
243 2974 276 3033 et
300 2969 346 3033 eit
364 2968 495 3034 Trebat'
471 2974 536 3034 trus
560 2969 676 3045 cistam
695 2969 910 3054 repetendam,
933 2991 998 3034 non
1019 2971 1129 3055 singu-

116 3060 222 3124 larum
246 3080 352 3122 rerum
376 3057 515 3144 depositi
537 3059 707 3142 agendum.

206 3157 235 3221 9.
264 3155 303 3221 D
324 3157 374 3239 16,
388 3157 418 3239 3,
432 3157 484 3223 21.
516 3156 606 3223 Idem
625 3152 775 3243 (Paulus)
794 3156 879 3220 libro
903 3139 1128 3241 sexagensimo

101 3244 158 3309 ad
186 3245 325 3308 edictum
349 3207 399 3329 (P.
418 3243 556 3330 322).
570 3246 732 3313 .tTreba'
708 3249 772 3310 trus
797 3244 976 3328 existimat,
999 3247 1128 3312 etiamsi

118 3332 203 3418 apud
226 3353 352 3397 servum
371 3333 553 3417 depositum
572 3335 616 3398 sit
634 3339 667 3398 et
686 3335 901 3398 manumissus
920 3355 988 3398 rem
1007 3337 1130 3420 teneat,

115 3421 148 3484 in
176 3422 283 3506 ipsum
311 3421 450 3486 dandam
477 3423 652 3506 actionem,
685 3445 750 3488 non
777 3423 811 3486 in
841 3422 1019 3507 dominum,
1051 3424 1129 3490 licet

99 3528 144 3571 ex
166 3510 288 3577 ceteris
311 3509 421 3580 causis
444 3509 481 3578 in
504 3511 739 3579 manumissum
759 3510 843 3576 actio
866 3532 931 3575 non
955 3511 1059 3579 datur.
