<?xml version="1.0" encoding="UTF-8"?>
<!DOCTYPE html PUBLIC "-//W3C//DTD XHTML 1.0 Transitional//EN"
    "http://www.w3.org/TR/xhtml1/DTD/xhtml1-transitional.dtd">
<html xmlns="http://www.w3.org/1999/xhtml" xml:lang="en" lang="en">
 <head>
  <title>
</title>
<meta http-equiv="Content-Type" content="text/html;charset=utf-8" />
  <meta name='ocr-system' content='tesseract 3.04.00' />
  <meta name='ocr-capabilities' content='ocr_page ocr_carea ocr_par ocr_line ocrx_word'/>
</head>
<body>
  <div class='ocr_page' id='page_1' title='image "./iurisprudentiae00bremgoog_0267.png"; bbox 0 0 2422 3840; ppageno 0'>
   <div class='ocr_carea' id='block_1_1' title="bbox 100 159 1144 227">
    <p class='ocr_par' dir='ltr' id='par_1_1' title="bbox 100 159 1144 227">
     <span class='ocr_line' id='line_1_1' title="bbox 100 159 1144 227; baseline -0.009 0"><span class='ocrx_word' id='word_1_1' title='bbox 100 162 167 227; x_wconf 77' lang='grc'>254</span> <span class='ocrx_word' id='word_1_2' title='bbox 202 162 264 218; x_wconf 84' lang='lat' dir='ltr'><strong>VII.</strong></span> <span class='ocrx_word' id='word_1_3' title='bbox 286 161 423 219; x_wconf 83' lang='lat' dir='ltr'>OCTAVI</span> <span class='ocrx_word' id='word_1_4' title='bbox 441 159 1095 220; x_wconf 61' lang='grc' dir='ltr'>8111011111ῙὸΟΟΝὸΠΙιΜΕΜΕΟΠΝΙ)</span> <span class='ocrx_word' id='word_1_5' title='bbox 1117 185 1144 218; x_wconf 69' lang='lat' dir='ltr'><em>A</em></span> 
     </span>
    </p>
   </div>
   <div class='ocr_carea' id='block_1_2' title="bbox 99 324 1142 854">
    <p class='ocr_par' dir='ltr' id='par_1_2' title="bbox 99 324 1142 676">
     <span class='ocr_line' id='line_1_2' title="bbox 101 324 1142 410; baseline 0.002 -20"><span class='ocrx_word' id='word_1_6' title='bbox 101 326 230 391; x_wconf 88' lang='lat' dir='ltr'>mittere</span> <span class='ocrx_word' id='word_1_7' title='bbox 267 328 447 409; x_wconf 79' lang='lat' dir='ltr'><strong>oporteret,</strong></span> <span class='ocrx_word' id='word_1_8' title='bbox 487 324 578 389; x_wconf 89' lang='lat' dir='ltr'>iussu</span> <span class='ocrx_word' id='word_1_9' title='bbox 615 325 757 390; x_wconf 89' lang='lat' dir='ltr'>nominis</span> <span class='ocrx_word' id='word_1_10' title='bbox 796 324 905 391; x_wconf 77' lang='lat' dir='ltr'>hutini</span> <span class='ocrx_word' id='word_1_11' title='bbox 941 327 1142 410; x_wconf 79' lang='lat' dir='ltr'>conplures</span> 
     </span>
     <span class='ocr_line' id='line_1_3' title="bbox 99 413 1132 499; baseline 0.002 -20"><span class='ocrx_word' id='word_1_12' title='bbox 99 419 231 480; x_wconf 88' lang='lat' dir='ltr'>nostros</span> <span class='ocrx_word' id='word_1_13' title='bbox 264 415 300 478; x_wconf 93' lang='lat' dir='ltr'>in</span> <span class='ocrx_word' id='word_1_14' title='bbox 327 413 488 497; x_wconf 77' lang='lat' dir='ltr'>Capitolio</span> <span class='ocrx_word' id='word_1_15' title='bbox 518 436 537 478; x_wconf 84' lang='lat' dir='ltr'>a</span> <span class='ocrx_word' id='word_1_16' title='bbox 564 414 632 479; x_wconf 92' lang='lat' dir='ltr'>sole</span> <span class='ocrx_word' id='word_1_17' title='bbox 659 413 783 479; x_wconf 90' lang='lat' dir='ltr'>oriente</span> <span class='ocrx_word' id='word_1_18' title='bbox 810 415 953 499; x_wconf 78' lang='lat' dir='ltr'>auspicis</span> <span class='ocrx_word' id='word_1_19' title='bbox 981 437 1132 499; x_wconf 83' lang='lat' dir='ltr'>operum</span> 
     </span>
     <span class='ocr_line' id='line_1_4' title="bbox 100 501 1127 590; baseline 0.001 -23"><span class='ocrx_word' id='word_1_20' title='bbox 100 504 176 568; x_wconf 84' lang='lat' dir='ltr'>dare</span> <span class='ocrx_word' id='word_1_21' title='bbox 201 501 324 568; x_wconf 89' lang='lat' dir='ltr'>solitos.</span> <span class='ocrx_word' id='word_1_22' title='bbox 364 502 421 567; x_wconf 93' lang='lat' dir='ltr'>ubi</span> <span class='ocrx_word' id='word_1_23' title='bbox 444 524 520 567; x_wconf 85' lang='lat' dir='ltr'>eves</span> <span class='ocrx_word' id='word_1_24' title='bbox 544 502 752 587; x_wconf 77' lang='lat' dir='ltr'><strong>addixissent,</strong></span> <span class='ocrx_word' id='word_1_25' title='bbox 775 504 914 568; x_wconf 89' lang='lat' dir='ltr'>militem</span> <span class='ocrx_word' id='word_1_26' title='bbox 931 503 1034 589; x_wconf 88' lang='lat' dir='ltr'>illurn,</span> <span class='ocrx_word' id='word_1_27' title='bbox 1056 506 1127 590; x_wconf 89' lang='lat' dir='ltr'>qui</span> 
     </span>
     <span class='ocr_line' id='line_1_5' title="bbox 101 590 1118 676; baseline 0.001 -20"><span class='ocrx_word' id='word_1_28' title='bbox 101 614 121 656; x_wconf 86' lang='lat' dir='ltr'>e</span> <span class='ocrx_word' id='word_1_29' title='bbox 153 591 317 658; x_wconf 88' lang='lat' dir='ltr'>communi</span> <span class='ocrx_word' id='word_1_30' title='bbox 351 590 446 655; x_wconf 88' lang='lat' dir='ltr'>Letio</span> <span class='ocrx_word' id='word_1_31' title='bbox 483 592 602 656; x_wconf 88' lang='lat' dir='ltr'>missus</span> <span class='ocrx_word' id='word_1_32' title='bbox 639 594 737 675; x_wconf 90' lang='lat' dir='ltr'>esset,</span> <span class='ocrx_word' id='word_1_33' title='bbox 773 591 866 657; x_wconf 91' lang='lat' dir='ltr'>illum</span> <span class='ocrx_word' id='word_1_34' title='bbox 902 614 999 676; x_wconf 90' lang='lat' dir='ltr'>quem</span> <span class='ocrx_word' id='word_1_35' title='bbox 1036 615 1118 659; x_wconf 79' lang='lat' dir='ltr'>aves</span> 
     </span>
    </p>

    <p class='ocr_par' dir='ltr' id='par_1_3' title="bbox 102 679 1111 767">
     <span class='ocr_line' id='line_1_6' title="bbox 102 679 1111 767; baseline 0.002 -22"><span class='ocrx_word' id='word_1_36' title='bbox 102 681 303 763; x_wconf 83' lang='lat' dir='ltr'>addixerunt,</span> <span class='ocrx_word' id='word_1_37' title='bbox 324 685 507 764; x_wconf 83' lang='lat' dir='ltr'>praetorem</span> <span class='ocrx_word' id='word_1_38' title='bbox 531 681 673 745; x_wconf 83' lang='lat' dir='ltr'>salutare</span> <span class='ocrx_word' id='word_1_39' title='bbox 696 679 839 762; x_wconf 88' lang='lat' dir='ltr'>solitum,</span> <span class='ocrx_word' id='word_1_40' title='bbox 861 681 918 766; x_wconf 93' lang='lat' dir='ltr'>qui</span> <span class='ocrx_word' id='word_1_41' title='bbox 941 703 1015 746; x_wconf 85' lang='lat' dir='ltr'>eam</span> <span class='ocrx_word' id='word_1_42' title='bbox 1036 704 1111 767; x_wconf 91' lang='lat' dir='ltr'>pro·</span> 
     </span>
    </p>

    <p class='ocr_par' dir='ltr' id='par_1_4' title="bbox 99 767 772 854">
     <span class='ocr_line' id='line_1_7' title="bbox 99 767 772 854; baseline 0.001 -20"><span class='ocrx_word' id='word_1_43' title='bbox 99 770 240 836; x_wconf 81' lang='lat' dir='ltr'><strong>vinciam</strong></span> <span class='ocrx_word' id='word_1_44' title='bbox 266 770 427 854; x_wconf 73' lang='lat' dir='ltr'>optineret</span> <span class='ocrx_word' id='word_1_45' title='bbox 449 767 608 852; x_wconf 77' lang='lat' dir='ltr'>praetoris</span> <span class='ocrx_word' id='word_1_46' title='bbox 632 770 772 835; x_wconf 90' lang='lat' dir='ltr'>nomine.</span> 
     </span>
    </p>
   </div>
   <div class='ocr_carea' id='block_1_3' title="bbox 364 1021 847 1085">
    <p class='ocr_par' dir='ltr' id='par_1_5' title="bbox 364 1021 847 1085">
     <span class='ocr_line' id='line_1_8' title="bbox 364 1021 847 1085; baseline 0.002 -4"><span class='ocrx_word' id='word_1_47' title='bbox 364 1022 417 1085; x_wconf 86' lang='lat' dir='ltr'>IV.</span> <span class='ocrx_word' id='word_1_48' title='bbox 440 1024 490 1082; x_wconf 92' lang='lat' dir='ltr'>De</span> <span class='ocrx_word' id='word_1_49' title='bbox 514 1041 551 1081; x_wconf 91' lang='lat' dir='ltr'>re</span> <span class='ocrx_word' id='word_1_50' title='bbox 573 1023 730 1082; x_wconf 82' lang='lat' dir='ltr'>militari</span> <span class='ocrx_word' id='word_1_51' title='bbox 752 1021 847 1082; x_wconf 87' lang='lat' dir='ltr'>libri.</span> 
     </span>
    </p>
   </div>
   <div class='ocr_carea' id='block_1_4' title="bbox 45 1140 1098 1495">
    <p class='ocr_par' dir='ltr' id='par_1_6' title="bbox 45 1140 1098 1495">
     <span class='ocr_line' id='line_1_9' title="bbox 188 1140 1098 1223; baseline 0.004 -19"><span class='ocrx_word' id='word_1_52' title='bbox 188 1140 244 1206; x_wconf 71' lang='lat' dir='ltr'>‘De</span> <span class='ocrx_word' id='word_1_53' title='bbox 268 1166 300 1206; x_wconf 94' lang='lat' dir='ltr'>re</span> <span class='ocrx_word' id='word_1_54' title='bbox 322 1140 460 1206; x_wconf 87' lang='lat' dir='ltr'>militeri&#39;</span> <span class='ocrx_word' id='word_1_55' title='bbox 479 1146 664 1223; x_wconf 88' lang='lat' dir='ltr'>scripserunt</span> <span class='ocrx_word' id='word_1_56' title='bbox 681 1146 831 1206; x_wconf 87' lang='lat' dir='ltr'>inferioris</span> <span class='ocrx_word' id='word_1_57' title='bbox 849 1147 962 1207; x_wconf 78' lang='lat' dir='ltr'>aetatis</span> <span class='ocrx_word' id='word_1_58' title='bbox 980 1149 1098 1208; x_wconf 80' lang='lat' dir='ltr'>Terrue-</span> 
     </span>
     <span class='ocr_line' id='line_1_10' title="bbox 97 1228 1098 1317; baseline 0.002 -23"><span class='ocrx_word' id='word_1_59' title='bbox 97 1237 186 1294; x_wconf 89' lang='lat' dir='ltr'>tenus</span> <span class='ocrx_word' id='word_1_60' title='bbox 210 1236 358 1295; x_wconf 79' lang='lat' dir='ltr'>Paternus</span> <span class='ocrx_word' id='word_1_61' title='bbox 382 1228 427 1316; x_wconf 84' lang='lat' dir='ltr'>(P.</span> <span class='ocrx_word' id='word_1_62' title='bbox 454 1233 567 1316; x_wconf 82' lang='lat'><strong>1-3),</strong></span> <span class='ocrx_word' id='word_1_63' title='bbox 595 1236 702 1295; x_wconf 81' lang='lat' dir='ltr'>Arrius</span> <span class='ocrx_word' id='word_1_64' title='bbox 725 1235 890 1295; x_wconf 80' lang='lat' dir='ltr'>Menander</span> <span class='ocrx_word' id='word_1_65' title='bbox 912 1230 962 1317; x_wconf 89' lang='lat' dir='ltr'>(P.</span> <span class='ocrx_word' id='word_1_66' title='bbox 988 1228 1098 1314; x_wconf 75' lang='lat'>1-13)</span> 
     </span>
     <span class='ocr_line' id='line_1_11' title="bbox 45 1317 1098 1405; baseline 0.001 -23"><span class='ocrx_word' id='word_1_67' title='bbox 45 1361 48 1368; x_wconf 43' lang='lat'>1</span> <span class='ocrx_word' id='word_1_68' title='bbox 98 1328 129 1383; x_wconf 91' lang='lat' dir='ltr'>et</span> <span class='ocrx_word' id='word_1_69' title='bbox 147 1324 295 1384; x_wconf 83' lang='lat' dir='ltr'>Aemilius</span> <span class='ocrx_word' id='word_1_70' title='bbox 313 1324 412 1383; x_wconf 81' lang='lat' dir='ltr'>Macer</span> <span class='ocrx_word' id='word_1_71' title='bbox 427 1318 472 1405; x_wconf 82' lang='lat' dir='ltr'>(P.</span> <span class='ocrx_word' id='word_1_72' title='bbox 489 1317 645 1405; x_wconf 86' lang='lat'><strong>60-68).</strong></span> <span class='ocrx_word' id='word_1_73' title='bbox 685 1323 722 1383; x_wconf 84' lang='lat' dir='ltr'>of.</span> <span class='ocrx_word' id='word_1_74' title='bbox 740 1324 901 1384; x_wconf 83' lang='lat' dir='ltr'>Iustiniani</span> <span class='ocrx_word' id='word_1_75' title='bbox 913 1323 1098 1401; x_wconf 83' lang='lat' dir='ltr'>Digestorum</span> 
     </span>
     <span class='ocr_line' id='line_1_12' title="bbox 102 1404 1064 1495; baseline 0.004 -24"><span class='ocrx_word' id='word_1_76' title='bbox 102 1404 170 1493; x_wconf 84' lang='lat'><strong>(49,</strong></span> <span class='ocrx_word' id='word_1_77' title='bbox 195 1406 251 1494; x_wconf 86' lang='lat'>16)</span> <span class='ocrx_word' id='word_1_78' title='bbox 276 1417 306 1472; x_wconf 91' lang='lat' dir='ltr'>et</span> <span class='ocrx_word' id='word_1_79' title='bbox 330 1411 447 1472; x_wconf 78' lang='lat' dir='ltr'>Codicis</span> <span class='ocrx_word' id='word_1_80' title='bbox 471 1404 538 1495; x_wconf 82' lang='lat'><strong>(12,</strong></span> <span class='ocrx_word' id='word_1_81' title='bbox 562 1407 619 1492; x_wconf 80' lang='lat'>35)</span> <span class='ocrx_word' id='word_1_82' title='bbox 642 1413 768 1472; x_wconf 90' lang='lat' dir='ltr'>titulum</span> <span class='ocrx_word' id='word_1_83' title='bbox 792 1407 840 1472; x_wconf 73' lang='lat' dir='ltr'>‘de</span> <span class='ocrx_word' id='word_1_84' title='bbox 863 1433 896 1472; x_wconf 92' lang='lat' dir='ltr'>re</span> <span class='ocrx_word' id='word_1_85' title='bbox 919 1409 1064 1476; x_wconf 83' lang='lat' dir='ltr'>militeri&#39;</span> 
     </span>
    </p>
   </div>
   <div class='ocr_carea' id='block_1_5' title="bbox 508 1634 697 1694">
    <p class='ocr_par' dir='ltr' id='par_1_7' title="bbox 508 1634 697 1694">
     <span class='ocr_line' id='line_1_13' title="bbox 508 1634 697 1694; baseline 0.011 -2"><span class='ocrx_word' id='word_1_86' title='bbox 508 1635 616 1694; x_wconf 88' lang='lat' dir='ltr'>Liber</span> <span class='ocrx_word' id='word_1_87' title='bbox 642 1634 697 1694; x_wconf 94' lang='grc' dir='ltr'>ΠΙ.</span> 
     </span>
    </p>
   </div>
   <div class='ocr_carea' id='block_1_6' title="bbox 98 1752 1103 2639">
    <p class='ocr_par' dir='ltr' id='par_1_8' title="bbox 98 1752 1103 2639">
     <span class='ocr_line' id='line_1_14' title="bbox 190 1752 1100 1839; baseline 0.002 -23"><span class='ocrx_word' id='word_1_88' title='bbox 190 1753 219 1818; x_wconf 97' lang='grc'>1.</span> <span class='ocrx_word' id='word_1_89' title='bbox 251 1752 331 1818; x_wconf 80' lang='lat' dir='ltr'>Gell.</span> <span class='ocrx_word' id='word_1_90' title='bbox 356 1753 411 1838; x_wconf 88' lang='lat'>16,</span> <span class='ocrx_word' id='word_1_91' title='bbox 430 1756 464 1839; x_wconf 90' lang='lat'>4,</span> <span class='ocrx_word' id='word_1_92' title='bbox 485 1755 582 1819; x_wconf 89' lang='lat'>1.-</span> <span class='ocrx_word' id='word_1_93' title='bbox 614 1752 743 1819; x_wconf 80' lang='lat' dir='ltr'>Cincius</span> <span class='ocrx_word' id='word_1_94' title='bbox 770 1752 806 1816; x_wconf 91' lang='lat' dir='ltr'>in</span> <span class='ocrx_word' id='word_1_95' title='bbox 832 1752 916 1817; x_wconf 92' lang='lat' dir='ltr'>libro</span> <span class='ocrx_word' id='word_1_96' title='bbox 944 1755 1044 1820; x_wconf 86' lang='lat' dir='ltr'>tertio</span> <span class='ocrx_word' id='word_1_97' title='bbox 1070 1754 1100 1819; x_wconf 89' lang='lat' dir='ltr'>de</span> 
     </span>
     <span class='ocr_line' id='line_1_15' title="bbox 98 1805 1102 1926; baseline 0.005 -22"><span class='ocrx_word' id='word_1_98' title='bbox 98 1862 132 1904; x_wconf 92' lang='lat' dir='ltr'>re</span> <span class='ocrx_word' id='word_1_99' title='bbox 155 1841 290 1906; x_wconf 84' lang='lat' dir='ltr'>militari</span> <span class='ocrx_word' id='word_1_100' title='bbox 313 1805 464 1907; x_wconf 83' lang='lat' dir='ltr'>fetialem</span> <span class='ocrx_word' id='word_1_101' title='bbox 479 1842 593 1926; x_wconf 90' lang='lat' dir='ltr'>populi</span> <span class='ocrx_word' id='word_1_102' title='bbox 613 1841 752 1907; x_wconf 85' lang='lat' dir='ltr'>Romani</span> <span class='ocrx_word' id='word_1_103' title='bbox 774 1840 894 1906; x_wconf 89' lang='lat' dir='ltr'>bellum</span> <span class='ocrx_word' id='word_1_104' title='bbox 913 1840 1102 1909; x_wconf 87' lang='lat' dir='ltr'>indicentem</span> 
     </span>
     <span class='ocr_line' id='line_1_16' title="bbox 98 1929 1101 2085; baseline 0.002 -91"><span class='ocrx_word' id='word_1_105' title='bbox 98 1929 249 1996; x_wconf 78' lang='lat' dir='ltr'>hostibus</span> <span class='ocrx_word' id='word_1_106' title='bbox 290 1932 456 2085; x_wconf 81' lang='lat' dir='ltr'>telumque</span> <span class='ocrx_word' id='word_1_107' title='bbox 493 1933 528 1996; x_wconf 89' lang='lat' dir='ltr'>in</span> <span class='ocrx_word' id='word_1_108' title='bbox 564 1952 678 2017; x_wconf 83' lang='lat' dir='ltr'>agrurn</span> <span class='ocrx_word' id='word_1_109' title='bbox 714 1951 825 1995; x_wconf 88' lang='lat' dir='ltr'>eornm</span> <span class='ocrx_word' id='word_1_110' title='bbox 861 1930 1022 1997; x_wconf 79' lang='lat' dir='ltr'>iacentem</span> <span class='ocrx_word' id='word_1_111' title='bbox 1057 1932 1101 1997; x_wconf 87' lang='lat' dir='ltr'>hie</span> 
     </span>
     <span class='ocr_line' id='line_1_17' title="bbox 100 2016 1102 2105; baseline 0.004 -23"><span class='ocrx_word' id='word_1_112' title='bbox 100 2019 207 2083; x_wconf 87' lang='lat' dir='ltr'>verbis</span> <span class='ocrx_word' id='word_1_113' title='bbox 237 2019 286 2084; x_wconf 92' lang='lat' dir='ltr'>uti</span> <span class='ocrx_word' id='word_1_114' title='bbox 314 2021 454 2105; x_wconf 79' lang='lat' dir='ltr'>scripsit</span> <span class='ocrx_word' id='word_1_115' title='bbox 487 2017 584 2103; x_wconf 92' lang='lat' dir='ltr'>quod</span> <span class='ocrx_word' id='word_1_116' title='bbox 612 2020 751 2103; x_wconf 88' lang='lat' dir='ltr'>populus</span> <span class='ocrx_word' id='word_1_117' title='bbox 780 2016 1025 2086; x_wconf 86' lang='lat' dir='ltr'>Hermundulus</span> <span class='ocrx_word' id='word_1_118' title='bbox 1052 2021 1102 2086; x_wconf 92' lang='lat' dir='ltr'>ho·</span> 
     </span>
     <span class='ocr_line' id='line_1_18' title="bbox 100 2107 1103 2193; baseline 0.004 -22"><span class='ocrx_word' id='word_1_119' title='bbox 100 2107 266 2192; x_wconf 89' lang='lat' dir='ltr'>minesque</span> <span class='ocrx_word' id='word_1_120' title='bbox 298 2110 411 2192; x_wconf 90' lang='lat' dir='ltr'>populi</span> <span class='ocrx_word' id='word_1_121' title='bbox 439 2107 654 2172; x_wconf 85' lang='lat' dir='ltr'>Hermunduli</span> <span class='ocrx_word' id='word_1_122' title='bbox 681 2107 833 2174; x_wconf 81' lang='lat' dir='ltr'>adversus</span> <span class='ocrx_word' id='word_1_123' title='bbox 861 2109 1020 2193; x_wconf 90' lang='lat' dir='ltr'>populum</span> <span class='ocrx_word' id='word_1_124' title='bbox 1047 2109 1103 2175; x_wconf 85' lang='lat' dir='ltr'>Ro·</span> 
     </span>
     <span class='ocr_line' id='line_1_19' title="bbox 100 2197 1103 2283; baseline 0.002 -23"><span class='ocrx_word' id='word_1_125' title='bbox 100 2218 234 2261; x_wconf 82' lang='lat' dir='ltr'>monum</span> <span class='ocrx_word' id='word_1_126' title='bbox 252 2198 374 2262; x_wconf 91' lang='lat' dir='ltr'>bellum</span> <span class='ocrx_word' id='word_1_127' title='bbox 393 2197 497 2263; x_wconf 85' lang='lat' dir='ltr'>fecere</span> <span class='ocrx_word' id='word_1_128' title='bbox 514 2197 715 2281; x_wconf 89' lang='lat' dir='ltr'>deliquerunt</span> <span class='ocrx_word' id='word_1_129' title='bbox 717 2217 787 2281; x_wconf 92' lang='lat' dir='ltr'>que,</span> <span class='ocrx_word' id='word_1_130' title='bbox 806 2197 955 2281; x_wconf 91' lang='lat' dir='ltr'>quodque</span> <span class='ocrx_word' id='word_1_131' title='bbox 969 2200 1103 2283; x_wconf 89' lang='lat' dir='ltr'>populus</span> 
     </span>
     <span class='ocr_line' id='line_1_20' title="bbox 101 2284 1103 2388; baseline 0.003 -40"><span class='ocrx_word' id='word_1_132' title='bbox 101 2284 268 2349; x_wconf 86' lang='lat' dir='ltr'>Romanus</span> <span class='ocrx_word' id='word_1_133' title='bbox 287 2307 360 2350; x_wconf 90' lang='lat' dir='ltr'>eum</span> <span class='ocrx_word' id='word_1_134' title='bbox 377 2287 509 2388; x_wconf 89' lang='lat' dir='ltr'>populo</span> <span class='ocrx_word' id='word_1_135' title='bbox 517 2285 740 2351; x_wconf 89' lang='lat' dir='ltr'>Hermundulo</span> <span class='ocrx_word' id='word_1_136' title='bbox 759 2284 1011 2371; x_wconf 87' lang='lat' dir='ltr'>hominibusque</span> <span class='ocrx_word' id='word_1_137' title='bbox 1030 2287 1103 2352; x_wconf 89' lang='lat' dir='ltr'>Her·</span> 
     </span>
     <span class='ocr_line' id='line_1_21' title="bbox 99 2373 1103 2461; baseline 0.004 -25"><span class='ocrx_word' id='word_1_138' title='bbox 99 2374 263 2438; x_wconf 89' lang='lat' dir='ltr'>mundulis</span> <span class='ocrx_word' id='word_1_139' title='bbox 285 2373 440 2439; x_wconf 90' lang='lat' dir='ltr'>bellum&#39;</span> <span class='ocrx_word' id='word_1_140' title='bbox 430 2374 538 2452; x_wconf 84' lang='lat' dir='ltr'>ruseit</span> <span class='ocrx_word' id='word_1_141' title='bbox 512 2375 609 2439; x_wconf 91' lang='lat' dir='ltr'>tob</span> <span class='ocrx_word' id='word_1_142' title='bbox 633 2395 705 2439; x_wconf 89' lang='lat' dir='ltr'>eam</span> <span class='ocrx_word' id='word_1_143' title='bbox 727 2395 797 2438; x_wconf 89' lang='lat' dir='ltr'>rem</span> <span class='ocrx_word' id='word_1_144' title='bbox 820 2393 881 2458; x_wconf 84' lang='lat' dir='ltr'>ego</span> <span class='ocrx_word' id='word_1_145' title='bbox 904 2376 1103 2461; x_wconf 87' lang='lat' dir='ltr'>populusque</span> 
     </span>
     <span class='ocr_line' id='line_1_22' title="bbox 99 2459 1103 2578; baseline 0.006 -54"><span class='ocrx_word' id='word_1_146' title='bbox 99 2459 266 2527; x_wconf 80' lang='lat' dir='ltr'>Romanus</span> <span class='ocrx_word' id='word_1_147' title='bbox 289 2464 410 2546; x_wconf 92' lang='lat' dir='ltr'>populo</span> <span class='ocrx_word' id='word_1_148' title='bbox 433 2462 655 2527; x_wconf 90' lang='lat' dir='ltr'>Hermundulo</span> <span class='ocrx_word' id='word_1_149' title='bbox 669 2462 927 2578; x_wconf 87' lang='lat' dir='ltr'>hominibusque</span> <span class='ocrx_word' id='word_1_150' title='bbox 948 2463 1103 2530; x_wconf 91' lang='lat' dir='ltr'>Hermun-</span> 
     </span>
     <span class='ocr_line' id='line_1_23' title="bbox 100 2547 680 2639; baseline 0.004 -27"><span class='ocrx_word' id='word_1_151' title='bbox 100 2549 185 2614; x_wconf 90' lang='lat' dir='ltr'>dulis</span> <span class='ocrx_word' id='word_1_152' title='bbox 209 2551 328 2615; x_wconf 89' lang='lat' dir='ltr'>bellum</span> <span class='ocrx_word' id='word_1_153' title='bbox 353 2547 488 2639; x_wconf 88' lang='lat' dir='ltr'>(in)dioo</span> <span class='ocrx_word' id='word_1_154' title='bbox 511 2548 680 2635; x_wconf 67' lang='lat' dir='ltr'>facioque?</span> 
     </span>
    </p>
   </div>
   <div class='ocr_carea' id='block_1_7' title="bbox 513 2776 689 2838">
    <p class='ocr_par' dir='ltr' id='par_1_9' title="bbox 513 2776 689 2838">
     <span class='ocr_line' id='line_1_24' title="bbox 513 2776 689 2838; baseline 0.011 -2"><span class='ocrx_word' id='word_1_155' title='bbox 513 2778 623 2838; x_wconf 89' lang='lat' dir='ltr'>Liber</span> <span class='ocrx_word' id='word_1_156' title='bbox 651 2776 689 2838; x_wconf 88' lang='lat' dir='ltr'>V.</span> 
     </span>
    </p>
   </div>
   <div class='ocr_carea' id='block_1_8' title="bbox 88 2893 1104 3606">
    <p class='ocr_par' dir='ltr' id='par_1_10' title="bbox 88 2893 1104 3606">
     <span class='ocr_line' id='line_1_25' title="bbox 187 2893 1103 2981; baseline 0.007 -23"><span class='ocrx_word' id='word_1_157' title='bbox 187 2896 218 2960; x_wconf 87' lang='lat'>2.</span> <span class='ocrx_word' id='word_1_158' title='bbox 250 2893 330 2959; x_wconf 85' lang='lat' dir='ltr'>Gell.</span> <span class='ocrx_word' id='word_1_159' title='bbox 355 2896 409 2980; x_wconf 90' lang='lat'>16,</span> <span class='ocrx_word' id='word_1_160' title='bbox 428 2898 463 2981; x_wconf 88' lang='lat'>4,</span> <span class='ocrx_word' id='word_1_161' title='bbox 482 2899 578 2962; x_wconf 76' lang='lat'><strong>2-4.</strong></span> <span class='ocrx_word' id='word_1_162' title='bbox 610 2934 648 2944; x_wconf 92' lang='lat'><em>-</em></span> <span class='ocrx_word' id='word_1_163' title='bbox 676 2896 759 2962; x_wconf 89' lang='lat' dir='ltr'>Item</span> <span class='ocrx_word' id='word_1_164' title='bbox 786 2895 823 2962; x_wconf 88' lang='lat' dir='ltr'>in</span> <span class='ocrx_word' id='word_1_165' title='bbox 848 2896 932 2962; x_wconf 88' lang='lat' dir='ltr'>libro</span> <span class='ocrx_word' id='word_1_166' title='bbox 962 2898 1103 2964; x_wconf 90' lang='lat' dir='ltr'>eiusdem</span> 
     </span>
     <span class='ocr_line' id='line_1_26' title="bbox 99 2981 1104 3071; baseline 0.006 -23"><span class='ocrx_word' id='word_1_167' title='bbox 99 2981 201 3048; x_wconf 79' lang='lat' dir='ltr'>Cincii</span> <span class='ocrx_word' id='word_1_168' title='bbox 230 2983 267 3047; x_wconf 92' lang='lat' dir='ltr'>de</span> <span class='ocrx_word' id='word_1_169' title='bbox 295 3006 330 3048; x_wconf 91' lang='lat' dir='ltr'>re</span> <span class='ocrx_word' id='word_1_170' title='bbox 358 2986 492 3050; x_wconf 82' lang='lat' dir='ltr'>militari</span> <span class='ocrx_word' id='word_1_171' title='bbox 520 2987 632 3071; x_wconf 90' lang='lat' dir='ltr'>quinto</span> <span class='ocrx_word' id='word_1_172' title='bbox 660 2986 707 3050; x_wconf 84' lang='lat' dir='ltr'>ite</span> <span class='ocrx_word' id='word_1_173' title='bbox 734 2985 890 3070; x_wconf 89' lang='lat' dir='ltr'>scriptum</span> <span class='ocrx_word' id='word_1_174' title='bbox 918 2989 983 3052; x_wconf 86' lang='lat' dir='ltr'>est:</span> <span class='ocrx_word' id='word_1_175' title='bbox 1012 3009 1104 3071; x_wconf 76' lang='lat' dir='ltr'>quum</span> 
     </span>
     <span class='ocr_line' id='line_1_27' title="bbox 95 3073 1103 3159; baseline 0.006 -23"><span class='ocrx_word' id='word_1_176' title='bbox 95 3073 224 3137; x_wconf 77' lang='lat' dir='ltr'>delectus</span> <span class='ocrx_word' id='word_1_177' title='bbox 246 3075 419 3156; x_wconf 78' lang='lat' dir='ltr'>antiquitus</span> <span class='ocrx_word' id='word_1_178' title='bbox 439 3077 525 3157; x_wconf 75' lang='lat' dir='ltr'>fieret</span> <span class='ocrx_word' id='word_1_179' title='bbox 540 3080 569 3139; x_wconf 83' lang='lat' dir='ltr'>et</span> <span class='ocrx_word' id='word_1_180' title='bbox 586 3075 697 3140; x_wconf 79' lang='lat' dir='ltr'>milites</span> <span class='ocrx_word' id='word_1_181' title='bbox 715 3075 924 3159; x_wconf 79' lang='lat' dir='ltr'>scriberentur,</span> <span class='ocrx_word' id='word_1_182' title='bbox 945 3077 1103 3142; x_wconf 67' lang='lat' dir='ltr'>immoror·</span> 
     </span>
     <span class='ocr_line' id='line_1_28' title="bbox 95 3162 1103 3245; baseline 0.004 -20"><span class='ocrx_word' id='word_1_183' title='bbox 95 3164 170 3225; x_wconf 81' lang='lat' dir='ltr'>dum</span> <span class='ocrx_word' id='word_1_184' title='bbox 206 3181 255 3226; x_wconf 87' lang='lat' dir='ltr'>eos</span> <span class='ocrx_word' id='word_1_185' title='bbox 291 3162 432 3228; x_wconf 75' lang='lat' dir='ltr'>trebereos</span> <span class='ocrx_word' id='word_1_186' title='bbox 468 3164 616 3228; x_wconf 75' lang='lat' dir='ltr'>meditaris</span> <span class='ocrx_word' id='word_1_187' title='bbox 653 3164 794 3245; x_wconf 77' lang='lat' dir='ltr'>adipetat</span> <span class='ocrx_word' id='word_1_188' title='bbox 829 3165 863 3229; x_wconf 83' lang='lat' dir='ltr'>r&#39;rr</span> <span class='ocrx_word' id='word_1_189' title='bbox 893 3165 986 3230; x_wconf 71' lang='lat' dir='ltr'>umba</span> <span class='ocrx_word' id='word_1_190' title='bbox 1017 3167 1103 3231; x_wconf 81' lang='lat' dir='ltr'>haee:</span> 
     </span>
     <span class='ocr_line' id='line_1_29' title="bbox 96 3248 1102 3337; baseline 0.004 -23"><span class='ocrx_word' id='word_1_191' title='bbox 96 3248 143 3315; x_wconf 80' lang='grc' dir='ltr'>Ὅ.</span> <span class='ocrx_word' id='word_1_192' title='bbox 167 3249 270 3314; x_wconf 84' lang='lat' dir='ltr'>Laelii</span> <span class='ocrx_word' id='word_1_193' title='bbox 302 3249 336 3316; x_wconf 80' lang='lat'>0.</span> <span class='ocrx_word' id='word_1_194' title='bbox 368 3251 428 3317; x_wconf 90' lang='lat' dir='ltr'>filii</span> <span class='ocrx_word' id='word_1_195' title='bbox 460 3253 614 3337; x_wconf 86' lang='lat' dir='ltr'>consulis,</span> <span class='ocrx_word' id='word_1_196' title='bbox 644 3251 680 3316; x_wconf 80' lang='lat' dir='ltr'>L.</span> <span class='ocrx_word' id='word_1_197' title='bbox 704 3250 847 3318; x_wconf 77' lang='lat' dir='ltr'>Cornelii</span> <span class='ocrx_word' id='word_1_198' title='bbox 875 3251 909 3318; x_wconf 90' lang='lat' dir='ltr'>P.</span> <span class='ocrx_word' id='word_1_199' title='bbox 940 3252 1003 3318; x_wconf 90' lang='lat' dir='ltr'>filii</span> <span class='ocrx_word' id='word_1_200' title='bbox 1030 3277 1102 3320; x_wconf 91' lang='lat' dir='ltr'>oon·</span> 
     </span>
     <span class='ocr_line' id='line_1_30' title="bbox 97 3338 1101 3428; baseline 0.006 -26"><span class='ocrx_word' id='word_1_201' title='bbox 97 3338 177 3404; x_wconf 89' lang='lat' dir='ltr'>sulis</span> <span class='ocrx_word' id='word_1_202' title='bbox 206 3339 242 3403; x_wconf 91' lang='lat' dir='ltr'>in</span> <span class='ocrx_word' id='word_1_203' title='bbox 266 3340 408 3405; x_wconf 82' lang='lat' dir='ltr'>exercitu</span> <span class='ocrx_word' id='word_1_204' title='bbox 431 3340 601 3425; x_wconf 87' lang='lat' dir='ltr'>decemque</span> <span class='ocrx_word' id='word_1_205' title='bbox 624 3341 717 3405; x_wconf 84' lang='lat' dir='ltr'>milia</span> <span class='ocrx_word' id='word_1_206' title='bbox 738 3363 893 3426; x_wconf 77' lang='lat' dir='ltr'>passuum</span> <span class='ocrx_word' id='word_1_207' title='bbox 914 3363 1017 3428; x_wconf 91' lang='lat' dir='ltr'>prope</span> <span class='ocrx_word' id='word_1_208' title='bbox 1040 3343 1101 3408; x_wconf 84' lang='lat' dir='ltr'>fur·</span> 
     </span>
     <span class='ocr_line' id='line_1_31' title="bbox 96 3427 1101 3516; baseline 0.007 -26"><span class='ocrx_word' id='word_1_209' title='bbox 96 3430 165 3490; x_wconf 92' lang='lat' dir='ltr'>tum</span> <span class='ocrx_word' id='word_1_210' title='bbox 193 3449 260 3492; x_wconf 93' lang='lat' dir='ltr'>non</span> <span class='ocrx_word' id='word_1_211' title='bbox 287 3429 386 3493; x_wconf 83' lang='lat' dir='ltr'>facies</span> <span class='ocrx_word' id='word_1_212' title='bbox 414 3429 489 3494; x_wconf 92' lang='lat' dir='ltr'>dolo</span> <span class='ocrx_word' id='word_1_213' title='bbox 517 3430 600 3494; x_wconf 86' lang='lat' dir='ltr'>malo</span> <span class='ocrx_word' id='word_1_214' title='bbox 629 3427 760 3515; x_wconf 90' lang='lat' dir='ltr'>(neque)</span> <span class='ocrx_word' id='word_1_215' title='bbox 788 3431 875 3495; x_wconf 90' lang='lat' dir='ltr'>solus</span> <span class='ocrx_word' id='word_1_216' title='bbox 902 3451 1008 3516; x_wconf 91' lang='lat' dir='ltr'>neque</span> <span class='ocrx_word' id='word_1_217' title='bbox 1032 3454 1101 3497; x_wconf 89' lang='lat' dir='ltr'>oum</span> 
     </span>
     <span class='ocr_line' id='line_1_32' title="bbox 88 3516 1100 3606; baseline 0.009 -30"><span class='ocrx_word' id='word_1_218' title='bbox 88 3516 241 3595; x_wconf 80' lang='lat' dir='ltr'>pluribus</span> <span class='ocrx_word' id='word_1_219' title='bbox 266 3517 373 3602; x_wconf 88' lang='lat' dir='ltr'>pluris</span> <span class='ocrx_word' id='word_1_220' title='bbox 396 3518 521 3583; x_wconf 90' lang='lat' dir='ltr'>nummi</span> <span class='ocrx_word' id='word_1_221' title='bbox 544 3519 690 3604; x_wconf 80' lang='lat' dir='ltr'>argentei</span> <span class='ocrx_word' id='word_1_222' title='bbox 714 3519 839 3587; x_wconf 89' lang='lat' dir='ltr'>indies</span> <span class='ocrx_word' id='word_1_223' title='bbox 863 3519 1024 3606; x_wconf 78' lang='lat' dir='ltr'>singulos3</span> <span class='ocrx_word' id='word_1_224' title='bbox 1051 3544 1100 3586; x_wconf 84' lang='lat' dir='ltr'>ex-</span> 
     </span>
    </p>
   </div>
   <div class='ocr_carea' id='block_1_9' title="bbox 0 0 1225 3840">
    <p class='ocr_par' dir='ltr' id='par_1_11' title="bbox 0 0 1225 3840">
     <span class='ocr_line' id='line_1_33' title="bbox 0 0 1225 3840; baseline 0 0"><span class='ocrx_word' id='word_1_225' title='bbox 0 0 1225 3840; x_wconf 95' lang='lat' dir='ltr'> </span> 
     </span>
    </p>
   </div>
  </div>
 </body>
</html>
