2422 3840
348 153 388 203 re.
411 142 668 221 <n>sur1n1ue
686 147 838 202 sanuel
906 152 908 159 ¹
967 129 970 137 '
1008 134 1095 210 ‘275

176 313 284 392 Operis
319 335 427 376 nomeu
461 317 617 392 vulgatum
648 317 760 376 Aufidii
792 317 942 374 Namusae
969 317 1097 393 Digesta
1174 336 1176 340 ·

83 405 179 465 luisse
204 403 337 478 videtur,
363 406 414 482 sed
437 423 553 481 nomen,
581 406 662 481 quod
684 408 789 465 auctor
810 406 874 481 ipse
899 405 981 481 operi
1004 406 1095 481 dedit,
1186 412 1189 418 '

83 495 139 553 boc
168 493 232 552 iere
260 493 354 553 fuisse
379 496 467 570 puto:
496 487 603 553 ‘Servii
627 494 798 553 auditorum
821 494 890 552 libri
914 494 950 552 ab
974 493 1094 553 Aufidio

83 582 222 642 Namusa
253 576 388 660 digesti'.
434 601 453 640 a
479 583 607 657 posteris
634 582 714 640 enim
741 601 955 659 nonnunquam
982 576 1094 642 ‘Servii

85 663 252 731 auditores'
276 671 469 731 nominantur
492 671 537 729 ita
560 670 688 747 qnidam,
710 674 747 729 ut
769 671 919 730 Namusae
943 684 1017 746 opus
1039 671 1095 730 hcc
1162 744 1165 750 ¹

83 760 204 820 nomine
228 759 380 837 designari
402 760 548 819 videatur.

172 847 298 908 Praeter
326 841 440 909 ‘Servii
467 843 637 907 auditores'
666 849 756 907 etiam
785 849 968 927 singulorum
998 848 1094 907 Servii

83 937 256 997 auditorum
274 936 345 995 libri
364 954 382 994 a
398 937 527 1011 posteris
545 933 663 996 laudari
681 937 819 1014 vidimus,
843 937 956 996 scilicet
974 935 1094 1014 Cinnae,

83 1025 113 1085 G.
132 1025 215 1095 Atei,
237 1024 363 1086 Pacuvii
381 1024 536 1084 Labeonis.
577 1025 656 1084 idem
678 1025 709 1083 in
732 1025 797 1102 ipso
821 1026 941 1086 Aufidio
959 1026 1094 1084 Namusa

81 1114 147 1174 fieri
183 1114 318 1188 videtur,
354 1114 439 1173 cuius
476 1113 628 1189 propriam
664 1116 842 1174 senteutiam
880 1119 911 1174 et
946 1114 1093 1190 Ulpianus

80 1203 117 1263 D.
134 1205 186 1280 13,
202 1205 231 1278 6,
246 1206 275 1280 5,
291 1205 308 1261 7
333 1202 439 1262 laudat
456 1193 650 1283 (periculum
671 1223 769 1262 meum
789 1220 853 1263 esse
872 1204 1005 1263 Namusa
1024 1197 1093 1280 ait')

81 1296 113 1351 et
150 1294 256 1351 contra
288 1309 376 1367 quem
408 1290 508 1350 Labeo
536 1292 572 1350 D.
593 1291 643 1364 39,
664 1294 692 1369 3,
713 1293 780 1364 26
815 1292 934 1368 scripsit
966 1283 1092 1372 (Labeo

80 1384 187 1440 contra
217 1379 384 1438 Namusam
415 1371 560 1461 probat').
615 1382 717 1456 itaque
746 1399 765 1438 a
793 1380 888 1442 Servii
921 1380 1093 1440 auditorum

79 1467 168 1528 libris
196 1487 214 1526 a
235 1467 370 1526 Namusa
397 1469 522 1546 digestis
549 1468 642 1544 ipsius
670 1469 807 1545 proprios
830 1469 925 1529 libros
949 1488 1017 1528 cum
1039 1468 1093 1527 ali·

45 1569 49 1576 '
80 1576 170 1617 orum
188 1557 360 1616 auditorum
379 1556 410 1614 in
430 1576 515 1616 suam
534 1558 738 1617 collectionem
755 1561 892 1635 receptos
912 1556 1093 1634 separandos

79 1641 152 1706 esse
171 1645 281 1723 aliquis
304 1645 440 1704 coniciet
483 1649 516 1704 at
537 1646 610 1705 baec
630 1647 867 1722 fragmentorum
886 1647 1040 1723 discriptio
1060 1664 1092 1705 re

78 1753 155 1794 vera
171 1733 238 1793 fieri
254 1733 366 1811 nequit.
399 1753 469 1793 nam
488 1753 556 1793 cum
572 1735 610 1794 iis
630 1753 704 1810 quae
724 1753 742 1792 a
756 1735 776 1792 J
778 1736 903 1795 avoleno
918 1740 948 1795 et
961 1735 1091 1811 Ulpiano

78 1823 238 1883 dicuntur:
266 1815 376 1882 ‘Servii
404 1823 554 1882 auditores
581 1817 775 1882 rettulerunt'
806 1817 854 1904 (D.
875 1826 931 1899 33,
951 1828 984 1901 4,
1005 1825 1023 1882 6
1029 1869 1037 1901 ,
1058 1818 1091 1902 1)

77 1913 130 1972 vel
160 1905 268 1971 ‘servii
299 1911 451 1971 auditores
478 1905 624 1970 referunt'
653 1906 702 1989 (D.
719 1912 770 1986 33,
787 1916 814 1982 7,
832 1914 925 1988 12pr.
946 1905 1015 1993 §5)
1043 1912 1092 1971 vel

79 1994 175 2076 ‘apud
195 1999 291 2060 Servii
309 1997 462 2059 auditores
481 2001 610 2059 relatum
630 1992 687 2058 est'
706 1993 755 2079 (D.
771 2002 821 2076 39,
840 2001 910 2077 3,1‚
926 1992 970 2080 6)
989 2004 1092 2075 aperte

78 2089 292 2167 coniungenda
319 2091 391 2148 sunt
413 2107 490 2166 quae
512 2089 676 2148 Javolenus
700 2091 731 2147 et
755 2089 867 2147 Paulus
891 2091 920 2147 et
944 2088 1092 2163 Ulpianus

77 2177 231 2237 scribunt:
257 2171 404 2235 ‘Namusa
428 2176 565 2237 Servium
586 2177 774 2252 respondisse
798 2176 902 2236 scribit
925 2171 975 2257 (D.
996 2178 1047 2246 35,
1064 2179 1092 2250 l,

79 2269 139 2344 40,
161 2258 210 2348 3),
237 2259 386 2325 ‘Servium
409 2267 597 2341 respondisse
620 2265 757 2325 Aufidius
779 2259 892 2342 refert',
918 2259 1010 2340 ‘apud
1031 2265 1091 2323 Na·

78 2373 201 2415 musam
228 2354 357 2413 relatum
384 2347 441 2413 est'
468 2349 518 2433 (D.
534 2357 585 2430 39,
600 2358 629 2434 3,
645 2358 673 2432 2,
689 2348 737 2435 6),
767 2374 843 2432 quae
869 2355 978 2413 ultima
999 2353 1092 2413 verba

79 2462 176 2522 supra
198 2442 299 2502 allatis
318 2436 429 2501 ‘Labeo
453 2448 559 2503 contra
575 2443 740 2503 Namusam
763 2436 882 2520 probst'
904 2443 1091 2502 antecedunt.

77 2533 185 2609 itaque
214 2535 245 2590 et
266 2530 389 2607 Ulpiani
416 2531 470 2590 ille
495 2533 586 2591 verba
609 2526 754 2592 ‘Namusa
778 2525 832 2592 ait'
855 2551 915 2591 non
937 2535 1000 2591 tam
1022 2550 1090 2607 pro-

78 2622 180 2698 priam
206 2619 357 2679 Namusae
385 2621 565 2680 sententiam
593 2640 681 2698 quam
709 2623 810 2696 potius
838 2624 875 2681 ab
903 2640 937 2680 ec
964 2622 1092 2680 relatam

77 2708 208 2786 prodere
230 2709 371 2768 videntur
394 2727 430 2768 ex
452 2709 625 2768 collectione
649 2709 846 2785 desumptam.

173 2797 310 2874 Denique
324 2796 538 2857 consideranda
552 2802 623 2857 suut
637 2798 776 2858 Javeleni
789 2799 881 2858 verba
895 2799 929 2857 D.
947 2800 997 2868 33,
1008 2800 1036 2870 5,
1049 2801 1090 2858 20

78 2887 178 2946 relata
205 2879 298 2962 ‘apud
319 2885 475 2945 Aufidium
497 2886 574 2946 libro
599 2887 694 2961 primo
718 2888 896 2964 rescriptum
920 2881 986 2960 est',
1015 2905 1090 2963 quae

78 2975 246 3035 Mommsen
278 2974 428 3050 sagaciter
459 2974 504 3034 ita
537 2975 666 3053 corrigit-
692 2969 786 3034 ‘libro
814 2976 910 3050 primo
942 2994 1090 3051 respon·

80 3083 203 3124 sorum
223 3056 373 3123 scribit'.
402 3065 481 3122 certe
499 3056 699 3139 ‘rescriptum'
714 3063 861 3138 displicet,
881 3067 913 3122 at
927 3057 1090 3138 ‘respon-

34 3204 36 3208 .
81 3171 157 3213 sum
186 3145 247 3212 est'
274 3151 374 3228 legere
402 3151 517 3211 malim:
551 3171 620 3211 nam
648 3170 743 3227 neque
772 3152 921 3210 Namusae
948 3169 1091 3226 responsa

80 3241 245 3301 traduntur
262 3259 358 3317 neque
377 3233 611 3315 ‘responsorum'
625 3259 681 3300 vox
695 3242 726 3298 in
740 3241 891 3299 Namusae
906 3238 1090 3299 collectionis

80 3331 172 3390 titulo
195 3331 295 3390 locum
316 3328 437 3390 videtur
459 3329 577 3388 habere.

171 3416 246 3478 Cum
261 3417 398 3476 Aufidius
411 3417 547 3476 Namusa
564 3437 621 3476 non
639 3416 726 3476 modo
741 3416 918 3492 simpliciter
933 3409 1088 3475 'Namusa'

81 3508 262 3578 nominetur,
286 3505 338 3565 sed
362 3505 452 3564 etiam
474 3498 644 3583 ‘Aufidius',
667 3507 705 3565 ab
724 3506 792 3565 aliis
812 3505 946 3566 eiusdem
962 3504 1093 3564 nominis

836 3609 868 3635 ab
874 3603 893 3635 ἱ
