2422 3840
103 127 147 192 66
184 96 230 184 IV:
253 127 398 184 SEPTIMI
411 86 620 183 ssscsswals
641 125 812 183 consulu.
828 102 1114 184 sublissimae

89 286 91 290 ⁴
193 297 289 356 Tertii
316 297 433 371 generis
460 295 636 372 fragmentis
658 294 750 353 Mucii
776 313 885 354 nomen
907 298 1111 372 praepositum

24 413 26 417 ⁴
103 389 162 464 est,
195 386 275 463 quod
302 385 457 460 Pomponii
488 402 596 443 nomen
628 401 716 459 saepe
746 384 870 461 excipit,
901 384 947 444 ita
973 390 1012 445 ut
1038 386 1112 447 talia

102 474 252 551 legamus:
280 468 421 543 ‘Quintus
444 474 559 531 Mucius
586 464 641 530 ait'
669 472 718 532 vel
746 465 874 532 ‘scribitz
983 472 1109 552 Pompo·

102 562 185 622 nius:
209 556 276 623 ...’
300 562 456 638 Pomponii
479 580 550 622 vero
568 579 676 619 nomen
694 562 727 618 in
745 562 790 620 his
809 561 883 621 locis
901 580 962 623 non
980 564 1019 622 ab
1037 564 1111 643 ipso,

103 651 155 712 sed
178 652 216 712 ab
240 652 308 725 alic,
333 652 395 711 sive
418 650 584 729 glossatore
607 650 669 708 sive
688 650 870 710 Tritoniano
890 651 1028 711 additum
1048 671 1111 713 esse

101 741 296 800 manifestum
332 743 386 799 est.
444 739 495 815 qui
531 738 664 797 eiusdem
699 738 857 814 Pomponii
892 740 930 798 ad
967 740 1109 801 Sabinum

101 831 270 907 fragmenta
296 829 447 904 inspiciet,
473 828 573 903 ipsum
597 825 740 885 Sabinum
767 828 940 905 loquentem
961 848 1108 908 nusquam

100 919 245 994 inveniet,
273 918 325 977 scd
349 917 545 992 Pomponium
572 918 689 973 tanturn
714 915 818 975 Sabini
845 918 1010 983 sententias
1036 920 1108 979 refe

100 1012 223 1067 rentem.
257 1006 393 1082 exempla
410 1009 481 1064 sunt
495 1005 530 1063 D.
547 1005 667 1079 35,1‚6
684 995 730 1085 (P.
741 997 819 1086 423)
834 999 975 1065 ‘Sabinus
989 1026 1107 1086 quoqne

101 1099 133 1156 et
151 1095 272 1155 Cassius
291 1095 377 1170 quasi
395 1092 593 1168 impossibiles
612 1111 662 1151 eas
682 1093 868 1153 condiciones
887 1138 938 1153 ...
958 1114 1025 1156 esse
1043 1091 1107 1176 ...’,

101 1187 152 1259 25,
172 1189 201 1256 2,
221 1187 240 1244 8
264 1175 312 1265 (P.
333 1175 411 1264 633)
435 1175 575 1240 ‘Sabinus
598 1181 654 1253 ait,
678 1183 703 1240 si
726 1183 835 1241 mulier
856 1202 904 1242 res
927 1203 1003 1260 quas
1027 1205 1103 1247 ame·

99 1274 178 1336 verit
200 1293 260 1332 non
283 1272 402 1344 reddat,
426 1271 578 1329 aestimari
602 1264 722 1329 debere’
746 1275 777 1329 et
799 1291 825 1348 q.
846 1291 869 1331 s.

189 1361 386 1436 Pomponium
399 1359 492 1418 Mucii
511 1359 602 1418 verba
618 1359 683 1433 ipsa
701 1360 819 1437 integra
837 1361 1029 1438 exscripsisse
1047 1363 1106 1424 veri

100 1450 243 1509 dissimile
267 1455 320 1508 cst.
366 1452 470 1508 contra
493 1448 715 1518 Tribonianum,
743 1449 795 1525 qui
818 1450 931 1510 solidae
954 1451 1105 1512 doctrinae

99 1539 228 1616 gloriam
259 1539 431 1615 appetebat,
464 1556 482 1595 a
508 1536 671 1611 Pomponio
701 1536 798 1596 relata
824 1538 916 1598 Mucii
943 1541 1039 1600 verba
1063 1541 1105 1600 ita

99 1630 232 1687 mutasse
254 1633 341 1705 puto,
364 1625 450 1703 quasi
472 1625 566 1701 ipsius
588 1625 679 1683 Mucii
701 1625 787 1685 libris
809 1646 883 1686 usus
907 1628 961 1704 sit,
984 1631 1105 1704 quoda

99 1716 328 1791 compilatorum
355 1715 471 1774 ratione
498 1731 558 1772 non
580 1714 711 1772 alienum
734 1733 798 1774 esse
821 1716 911 1791 periti
933 1736 994 1777 non
1016 1737 1104 1797 nega·

99 1806 183 1865 bunt.
219 1805 356 1882 Krueger
373 1807 452 1863 certe
471 1823 531 1862 non
549 1801 696 1880 dissentit,
718 1822 788 1862 narn
805 1825 833 1880 p.
851 1806 914 1863 174
932 1824 961 1864 n.
977 1810 996 1866 9
1015 1807 1106 1868 Mucii

98 1895 190 1954 verba
207 1894 239 1952 in
257 1894 317 1952 illis
337 1893 511 1971 fragmentis
529 1892 642 1951 tradita
660 1909 725 1950 esse
743 1894 835 1969 negat
857 1886 967 1974 („doch
986 1896 1106 1956 dbrften

98 1983 130 2042 in
154 1983 255 2042 diesen
274 1982 387 2042 Stellen
410 1984 501 2040 kaurn
525 1981 572 2039 die
590 1979 696 2040 Worte
720 1981 772 2040 des
793 1980 826 2050 Q.
844 1982 962 2042 Mucius
985 1984 1107 2045 wieder·

97 2073 231 2150 gegeben
246 2064 350 2152 sein“).
383 2070 529 2147 quomodo
544 2069 724 2145 Pomponius
737 2070 900 2148 scripserit,
916 2072 950 2131 D.
962 2074 1013 2150 24,
1025 2077 1054 2151 1,
1065 2077 1103 2136 51

97 2162 196 2222 docet:
233 2161 325 2221 Mucii
357 2159 506 2218 sententia
538 2159 635 2217 relata
666 2157 847 2234 Pomponius
878 2161 1016 2235 protinus
1049 2182 1109 2241 qua

96 2251 213 2310 ratione
236 2250 365 2308 Mucium
394 2248 517 2305 ductum
539 2246 632 2305 fuisse
655 2247 806 2306 existimat
828 2247 931 2308 adicit:
960 2243 1107 2311 ‘adtendi

97 2341 198 2398 autem
230 2337 327 2413 turpis
355 2339 495 2412 quaestus
522 2334 621 2409 gratia
648 2335 728 2395 circa
755 2355 876 2396 uxorem
902 2339 958 2396 hoc
985 2340 1107 2401 videtur

99 2425 228 2497 Quintus
249 2425 367 2483 Mucius
390 2417 553 2499 probasse'.

185 2513 245 2572 Ubi
264 2512 445 2588 Pomponius
467 2513 499 2569 in
520 2513 605 2572 libris
628 2512 666 2570 ad
685 2512 828 2572 Sabinum
849 2515 897 2574 vel
914 2515 953 2573 ad
972 2516 1106 2578 Mucium

97 2603 232 2663 oratione
264 2602 386 2679 obliqua
416 2601 527 2678 utitur,
560 2602 684 2660 alterius
717 2603 839 2678 quidem
869 2603 944 2663 iuris
973 2607 1105 2667 consulti

97 2693 276 2771 sententiam
298 2689 405 2749 referri
417 2693 565 2766 ‚apertum
589 2693 643 2766 est,
666 2690 719 2749 sed
740 2692 844 2750 utrum
863 2692 889 2750 is
908 2691 1037 2754 Sabinus
1058 2696 1106 2755 vel

95 2777 212 2838 Mucius
232 2781 271 2839 sit
289 2799 328 2838 an
344 2778 431 2856 alius,
448 2779 595 2838 incertum
613 2782 755 2840 remanet.
787 2779 881 2839 Lenel
897 2780 977 2840 idem
990 2783 1106 2844 iudicat

93 2869 128 2928 'in
141 2868 298 2944 Pomponii
312 2867 350 2927 ad
364 2867 508 2927 Sabinum
521 2867 607 2927 libris
620 2868 808 2928 recensendis
823 2862 874 2950 (cf.
884 2869 917 2928 P.
929 2872 1004 2949 552,
1015 2867 1104 2952 555),

93 2957 126 3015 in
149 2957 240 3016 Mucii
267 2961 369 3016 autem
394 2957 571 3034 fragmentis
594 2957 769 3034 colligendis
792 2960 890 3017 minus
912 2963 1000 3019 caute
1023 2966 1102 3039 agit,

94 3065 165 3105 nam
193 3046 250 3105 duo
277 3046 447 3124 fragmenta
474 3037 529 3123 (5¹³
553 3049 583 3104 et
610 3040 666 3125 22)
693 3065 753 3104 non
780 3047 841 3106 alia
866 3049 981 3107 ratione
1004 3049 1104 3111 Mucio

95 3134 243 3206 attribuit,
268 3155 358 3212 quam
382 3134 463 3211 quod
482 3134 662 3209 Pomponius
685 3135 820 3193 oratione
844 3137 965 3212 obliqua
986 3141 1102 3200 utatur.

94 3227 228 3283 ceterum
249 3225 281 3283 in
301 3223 457 3300 Pomponii
479 3224 573 3298 ipsius
597 3223 681 3282 libris
705 3225 890 3282 recensendis
914 3227 990 3285 hane
1012 3229 1105 3286 ratio·

93 3331 162 3373 nem
184 3332 243 3372 non
267 3314 365 3373 valere
388 3314 451 3388 ipse
473 3311 638 3387 perspexit:
661 3330 730 3371 nam
754 3312 792 3370 ad
815 3314 1018 3390 fragmentum
1039 3319 1104 3377 252

95 3395 129 3480 (ξ
147 3396 179 3480 1)
199 3402 234 3461 de
253 3402 351 3461 Mucio
369 3401 444 3459 nihil
465 3402 597 3477 adnotat,
620 3401 758 3476 quamvis
780 3403 833 3461 illo
853 3405 916 3462 loco
935 3405 1103 3480 scripserit:

93 3483 134 3550 ‘u
155 3491 256 3567 Pomp.
276 3490 305 3549 la
324 3490 344 3548 l.
368 3510 435 3548 curn
458 3482 549 3549 nota'.
