2422 3840
272 175 296 226 7.
321 168 353 235 Q.
371 169 507 227 Muclus
524 169 554 224 P.
569 172 600 227 F.
613 170 642 226 P.
659 171 692 224 N.
709 171 899 228 SOAEVOLA
1046 171 1089 236 59

76 337 220 401 iudicatis
250 342 281 398 et
306 322 456 415 responsis
483 339 528 398 ita
555 339 789 416 explicaverunt,
815 343 852 399 ut
877 341 979 418 legum
1001 340 1093 400 verba

78 431 287 505 sequerentur.
331 429 375 486 ita
402 428 516 487 factum
544 432 623 503 erat,
650 431 686 487 ut
710 429 758 487 ius
782 429 927 488 diffusum
951 432 982 488 et
1004 430 1090 489 dissi·

76 521 186 597 patum
219 519 307 576 esset.
356 516 474 575 Mucius
506 517 621 592 primus
653 536 713 576 non
740 535 758 575 a
784 517 888 594 legum
914 520 1091 595 praeceptis

76 606 132 668 sed
164 625 182 664 a
214 605 305 665 rebus
336 605 410 680 ipsis
443 624 579 680 exorsus,
613 625 689 682 quas
721 605 839 682 legibus
866 607 916 666 rel
943 607 1092 666 maiorum

77 694 213 755 moribus
247 694 400 754 ordinatae
433 698 531 772 erant,
564 696 654 754 certis
685 694 854 754 rationibus
886 713 936 754 eas
966 696 1093 771 digessit

77 783 234 846 coniunxit
266 782 430 860 separavit,
462 783 506 842 ita
537 783 657 858 quidem
688 787 724 842 ut
757 802 792 841 ex
820 783 983 844 stoicorum
1010 803 1092 843 more

77 892 182 932 rerum
223 870 410 932 definitiones
450 876 638 947 proponeret.
701 873 804 948 itaque
845 873 972 948 perfecit
1013 873 1091 949 quod

78 960 184 1022 Cicero
212 960 249 1020 de
273 962 476 1038 orat.1,190
499 959 641 1020 Crassum
663 961 735 1020 facit
759 961 906 1020 dicentem
929 961 993 1020 eius
1018 979 1092 1034 esse,

76 1051 133 1128 qui
164 1050 211 1108 ius
243 1048 331 1108 civile
363 1049 395 1106 in
427 1052 523 1108 artem
554 1048 689 1128 redigere
722 1050 779 1108 sibi
806 1051 1009 1127 proposuerit,
1042 1043 1092 1108 ‘ut

75 1140 211 1215 primurn
234 1157 319 1198 omne
343 1137 390 1196 ins
413 1137 500 1196 civile
518 1138 551 1196 in
569 1157 680 1216 genera
697 1139 823 1214 digerat,
848 1157 923 1216 quae
942 1156 1093 1214 perpauca

76 1230 158 1303 sunt,
181 1226 287 1286 deinde
311 1245 416 1286 eorum
438 1246 581 1304 generum
605 1227 690 1304 quasi
712 1227 858 1304 quaedum
881 1227 1016 1286 membra
1035 1227 1091 1286 dis·

76 1316 201 1393 partiat,
224 1318 290 1374 tum
312 1315 465 1390 propriam
489 1316 630 1392 cuiusque
655 1318 716 1375 vim
739 1316 910 1376 definitione
934 1308 1090 1375 declaret’.

76 1426 105 1466 v.
126 1423 219 1480 supra
236 1425 266 1481 p.
286 1407 338 1464 47.
384 1423 460 1481 quae
479 1405 644 1480 disputatio
663 1423 732 1464 cum
750 1406 845 1464 multo
865 1407 933 1481 post
952 1404 985 1474 Q.
999 1404 1093 1464 Mucii

77 1497 207 1554 mortem
234 1512 262 1552 a.
282 1486 397 1571 cessas
428 1493 541 1569 scripta
564 1494 617 1570 sit,
644 1494 736 1553 Mucii
759 1513 834 1570 opus
857 1495 901 1553 rei
923 1513 983 1553 non
1006 1495 1092 1553 satis·
1133 1484 1135 1490 ⁸

77 1583 185 1643 fecisse
209 1579 311 1641 Cicero
338 1582 459 1642 videtur
486 1585 621 1659 putasse,
651 1602 831 1660 quamquam
857 1583 1092 1658 disputationem

77 1673 123 1732 ita
141 1671 307 1746 exornavit,
328 1670 415 1748 quasi
432 1671 493 1728 iam
512 1666 668 1749 a.663s91
689 1672 793 1730 habita
812 1672 859 1749 sit,
880 1691 938 1748 quo
957 1676 1092 1747 tempore

79 1760 112 1830 Q.
126 1760 244 1818 Mucius
265 1778 339 1834 opus
359 1777 447 1818 suum
466 1760 593 1818 fortasse
612 1761 744 1819 nondum
764 1761 905 1819 ediderat.
948 1759 1092 1836 Ciceroni,

77 1850 132 1927 qui
153 1849 271 1908 ratione
289 1849 350 1925 ille,
374 1867 464 1924 quam
482 1849 502 1906 l.
517 1867 540 1906 c.
560 1848 690 1923 explicat
709 1844 884 1923 ‘perfectam
902 1853 998 1907 artem
1016 1848 1091 1907 iuris

76 1931 187 1998 cirilis'
206 1937 403 1997 constitutum
421 1937 460 1995 iri
478 1953 654 2012 persuasum
670 1937 809 2012 habebat,
827 1937 920 1995 Mucii
935 1956 1009 2012 opus
1024 1938 1091 2018 ideo

76 2047 138 2088 non
163 2025 319 2101 satisfecit,
342 2025 422 2102 quod
444 2025 508 2100 ipsc
532 2028 642 2101 orator,
664 2045 724 2084 non
747 2025 821 2083 iuris
841 2024 997 2083 consultus
1017 2027 1091 2084 erat.

169 2114 266 2185 Quam
288 2114 349 2173 late
373 2114 453 2189 apud
475 2117 610 2189 posteros
634 2114 708 2172 iuris
728 2114 880 2172 consultos
899 2117 929 2171 et
947 2132 1092 2190 generum
1121 2139 1123 2143 v

77 2208 110 2265 et
128 2203 336 2263 definitionum
354 2221 428 2261 usus
447 2203 588 2280 patuerit,
612 2222 715 2262 eorum
732 2202 803 2261 libri
821 2202 990 2278 ostendunt,
1009 2201 1092 2276 item,

76 2295 212 2372 quantae
234 2291 387 2351 derorum
406 2292 565 2369 generibus
585 2291 804 2351 controversiae
825 2290 987 2365 extiterint,
1011 2289 1092 2347 deni-

76 2401 137 2460 qne
162 2399 252 2458 quam
275 2380 391 2439 lubrica
408 2381 440 2438 in
458 2381 522 2439 iure
542 2381 637 2440 omnis
657 2381 696 2439 sit
714 2380 857 2440 definitio.
898 2380 971 2438 haec
989 2380 1091 2454 itaque

77 2471 155 2530 iuris
179 2469 384 2530 consultorum
407 2468 571 2544 disputatio
595 2490 613 2527 a
635 2470 734 2529 Mucio
758 2469 905 2545 originem
928 2467 1022 2545 duxit,
1048 2469 1092 2526 ita

78 2566 123 2637 ut,
147 2558 228 2636 quod
251 2561 341 2617 antea
363 2557 471 2616 notitia
494 2561 613 2616 tanturn
637 2559 711 2616 iuris
730 2559 835 2630 fuerat,
860 2558 921 2616 iam
938 2557 1013 2616 iuris
1033 2557 1091 2615 dis-

79 2648 192 2724 ciplina
209 2647 276 2705 fieri
293 2645 447 2721 inciperet.
482 2648 627 2705 nonnulla
645 2666 755 2723 genera
774 2666 791 2705 a
810 2647 908 2705 Mucio
927 2646 1092 2705 constituta

77 2737 209 2813 posteris
232 2754 291 2795 non
314 2735 462 2810 placuisse
485 2735 595 2794 mirum
618 2741 754 2794 nonest.

171 2824 203 2894 Q.
218 2823 351 2882 Mucium
368 2823 416 2882 ius
436 2824 522 2882 civile
541 2824 572 2881 in
590 2823 682 2882 libros
701 2823 802 2882 decem
817 2826 847 2882 et
861 2827 927 2882 octo
942 2821 1092 2897 redegisse

79 2913 264 2989 Pomponius
288 2910 308 2987 ξ
328 2915 368 2970 41
394 2911 495 2971 tradit.
542 2913 594 2971 sed
617 2931 781 2987 paucorum
805 2915 923 2971 tantum
947 2907 1093 2970 librorum

79 3004 293 3081 argumentum
324 3001 470 3059 traditum
502 3004 560 3077 est,
593 3008 628 3059 ut
659 3001 745 3076 plane
778 3001 926 3060 incertum
954 3000 993 3058 sit
1022 3019 1094 3075 quo·

80 3092 169 3151 modo
195 3090 314 3149 Mucius
341 3107 388 3148 res
416 3089 604 3164 disposuerit.
650 3090 727 3149 libro
755 3089 883 3149 secundo
911 3087 947 3146 de
975 3087 1093 3164 legatis,

80 3180 158 3239 libro
187 3182 295 3255 quarto
323 3178 437 3237 decimo
463 3178 499 3236 de
523 3178 730 3254 societatibus,
758 3179 835 3237 libro
859 3177 985 3252 denique
1010 3180 1093 3234 sexto

81 3268 196 3328 docimo
222 3267 257 3326 do
281 3267 370 3326 furtis
394 3271 496 3326 actum
517 3267 608 3325 fuisse
627 3285 694 3325 cum
713 3265 837 3339 Gellius,
860 3268 926 3323 tum
944 3263 1094 3338 Ulpianus

81 3361 113 3416 et
131 3358 247 3416 Paulus
266 3356 298 3415 in
315 3356 476 3414 Iustiniani
495 3355 627 3432 Digestis
646 3355 788 3414 referunt.
827 3372 915 3430 porro
935 3352 1094 3412 adhibendi

82 3448 154 3505 sunt
173 3444 330 3521 Pomponii
353 3444 422 3503 libri
444 3443 571 3522 triginta
594 3463 703 3505 nouem
724 3444 768 3504 ad
782 3442 821 3516 (l.
833 3439 981 3501 Mucium
998 3438 1118 3510 scriptu

80 3535 128 3594 rel
152 3535 256 3608 potius
282 3551 386 3593 corum
414 3534 591 3616 fragmenta
619 3537 654 3599 'm
681 3537 803 3600 eisdem
822 3531 973 3613 Digestis
994 3528 1150 3585 serrata-3
