2422 3840
92 161 157 227 228
194 161 241 216 VI.
262 159 395 215 OCTAVI
414 159 513 217 snas.
532 160 628 216 lunis
647 157 963 230 censuissemus
981 157 1097 214 PRIMA

93 326 140 389 rei
159 325 290 389 uxoriae
308 325 505 388 necessarias
526 345 597 388 esse
616 323 702 388 visas
721 323 861 407 scripsit,
880 345 953 388 cum
968 320 1105 406 Spurius

94 413 268 496 Carvilius,
300 414 351 477 cui
378 412 473 498 Ruga
505 416 756 498 cognomentum
787 412 867 495 fuit,
899 412 949 476 vir
976 411 1108 493 nobilis,

94 503 267 568 divortium
292 523 364 566 oum
387 523 487 566 uxore
510 502 598 584 fecit,
624 502 700 586 quia
723 501 819 566 liberi
842 522 881 564 ex
900 521 939 564 ea
962 501 1107 584 corporis

93 592 174 656 vitio
201 613 268 656 non
295 591 517 676 gignerentur,
546 612 630 655 anno
656 590 748 655 urbis
777 589 925 655 conditae
948 589 1107 673 quingen-

94 681 210 745 tesimo
235 680 386 745 vicesimo
408 680 506 743 tertio
526 677 571 744 M.
588 679 690 744 Atilio
708 679 743 744 P.
757 677 890 744 Valerio
911 677 1107 743 oonsulibus.

95 774 191 853 atque
228 770 256 834 is
289 767 450 834 Carvilius
483 769 624 832 traditur
654 789 788 832 uxorem
795 816 804 852 ,
840 788 938 851 quam
976 766 1108 850 dimisit,

95 857 224 942 egregie
257 857 407 922 dilexisse
439 855 704 940 carissimamque
740 878 866 921 morum
898 855 968 920 eius
1001 855 1109 940 gratia

95 947 257 1027 habuisse,
272 946 328 1010 sed
342 945 553 1010 iurisiurandi
567 945 758 1029 religionem
769 945 876 1010 animo
891 946 990 1028 atque
1005 945 1108 1009 amori

95 1035 325 1119 praevertisse,
358 1033 443 1118 quod
470 1035 577 1098 iurare
608 1056 627 1098 a
655 1034 841 1099 censoribus
870 1036 1002 1098 coactus
1032 1036 1108 1115 erat,

96 1145 228 1189 uxorem
253 1145 287 1188 se
310 1123 449 1188 liberum
473 1123 694 1206 quaerundum
718 1123 825 1208 gratia
847 1121 1049 1187 habiturum.

185 1351 252 1411 VII.
282 1350 335 1410 Ad
356 1350 457 1428 leges
480 1350 668 1410 duodecim
689 1351 900 1410 tabularum
922 1349 1021 1410 libri.

185 1483 266 1542 Ante
300 1483 438 1542 Servium
469 1484 508 1542 ad
539 1483 598 1542 XII
629 1483 750 1542 tabulas
783 1484 969 1559 seripserunt
1002 1482 1109 1542 Sextus

97 1573 202 1632 Aelius
238 1563 344 1653 (supra
372 1594 401 1647 p.
428 1565 497 1654 15),
534 1572 568 1632 L.
596 1572 712 1631 Acilius
743 1572 793 1633 vel
824 1572 938 1631 Atilius
977 1565 1021 1651 (p.
1048 1565 1110 1652 18),

97 1663 131 1722 L.
154 1661 294 1720 Valerius
317 1654 362 1740 (p.
382 1654 461 1741 131)
489 1664 520 1720 91
546 1662 674 1720 fortasse
698 1660 731 1720 L.
755 1660 861 1720 Aelius
885 1660 960 1721 Stilo
984 1660 1109 1720 Praeco-

97 1752 185 1809 ninus
208 1749 423 1826 grammatious
447 1742 582 1830 (Schoell
599 1771 628 1827 p.
649 1752 689 1809 26
701 1740 768 1831 sq.).

187 1833 248 1896 ‘Ex
278 1838 374 1899 Servii
401 1838 526 1914 Sulpicii
549 1839 619 1898 Rufi
642 1885 671 1899 ..
696 1841 816 1898 centum
843 1836 998 1914 octoginta
1026 1838 1110 1898 libris

99 1929 190 1988 etiam
208 1927 267 1988 ΧΠ
286 1928 460 1987 tabularum
482 1927 763 2003 interpretationem
784 1927 880 1986 fuisse
902 1926 1000 2005 magis
1021 1947 1112 2004 quam

99 2017 230 2095 quinque
258 2017 377 2094 glossae
410 2017 466 2075 sub
495 2017 559 2076 eius
586 2017 705 2076 nomine
734 2016 815 2092 apud
841 2016 968 2075 Festum
1001 2017 1111 2076 citatae

99 2104 156 2165 Gai
175 2106 324 2185 quaedam
337 2106 429 2166 verba
447 2105 581 2164 indicant
600 2125 636 2164 ex
653 2105 730 2164 libro
745 2105 772 2162 V
786 2105 825 2163 ad
838 2105 937 2182 legem
950 2105 1010 2164 XII
1024 2106 1112 2165 tabu·

98 2195 197 2253 larum
219 2195 251 2253 in
273 2195 401 2270 Digesta
425 2196 547 2271 50,16,
569 2196 632 2254 237
657 2197 779 2269 recepte
804 2193 938 2253 »duobus
961 2194 1113 2271 negativis

98 2284 197 2343 verbis
226 2284 312 2360 quasi
338 2284 487 2359 permittit
514 2284 564 2341 lex
585 2283 682 2360 magis
709 2301 800 2359 quam
824 2282 993 2359 prohibuit,
1021 2283 1112 2360 idque

99 2373 191 2431 etiam
219 2372 340 2432 Servius
369 2371 611 2432 animadvert'tc.
667 2389 755 2448 quae·
772 2371 884 2430 mentio
913 2371 1017 2448 magni
1041 2390 1112 2431 sane

98 2460 242 2520 momenti
266 2463 320 2534 est,
344 2479 413 2519 cum
435 2459 528 2519 Gaius
551 2479 611 2519 non
634 2460 701 2536 ipsa
718 2461 794 2538 lege,
819 2458 871 2519 sed
890 2460 1114 2520 commentariis

97 2549 248 2624 prioribus
271 2568 344 2607 usus
368 2543 420 2608 sit'
443 2548 561 2608 Schoell
584 2569 613 2625 p.
633 2550 683 2608 34.

187 2637 261 2696 Post
280 2637 418 2696 Servium
437 2637 475 2696 ad
488 2637 547 2696 XII
560 2638 680 2697 tabulas
700 2637 887 2712 scripserunt
904 2636 944 2694 M.
960 2637 1114 2697 Antistius

99 2725 199 2785 Labeo
210 2717 257 2804 (P.
269 2719 370 2806 1-3)
385 2728 416 2785 91
426 2725 520 2786 Gaius
530 2719 576 2807 (P.
587 2723 787 2805 rra—445).
812 2727 848 2786 of.
858 2725 995 2802 Krueger
1008 2747 1037 2803 p.
1050 2729 1113 2786 143

100 2818 131 2873 91
160 2816 231 2874 183.
284 2815 361 2874 sicut
389 2813 498 2874 Gaium
526 2815 621 2876 Servii
650 2815 736 2875 libris
763 2834 854 2874 usum
882 2833 948 2874 esse
974 2815 1116 2893 vidimus,

99 2903 144 2962 ita
167 2907 198 2963 91
221 2903 321 2963 Labeo
344 2904 451 2963 iisdem
473 2905 602 2964 fortasse
625 2904 710 2964 libris
733 2921 807 2963 usus
830 2906 890 2962 est:
916 2923 988 2962 nam
1010 2923 1116 2965 eorum

98 2993 337 3070 fragmentorum
354 3012 429 3071 quae
444 2994 508 3052 sine
523 2993 622 3069 operis
635 2993 727 3052 titulo
741 2993 889 3069 feruntur,
908 2993 1063 3071 nonnulla,
1082 2994 1114 3052 in

100 3083 209 3158 quibus
229 3081 351 3141 Servius
374 3082 525 3156 laudatur,
549 3082 587 3140 ad
605 3082 664 3140 XII
686 3082 862 3141 tabularum
884 3080 979 3141 libros
1001 3083 1115 3142 referre

99 3171 180 3245 licet,
205 3170 341 3246 inprimis
365 3171 398 3229 P.
419 3173 491 3230 328.
512 3173 584 3230 390.
605 3172 678 3229 393.

188 3259 284 3320 Servii
302 3260 448 3319 librorum
467 3259 643 3336 fragmentis
657 3258 716 3317 XII
730 3259 905 3318 tabularum
918 3259 1021 3338 verba,
1040 3278 1113 3335 qua-

99 3354 188 3408 tenus
212 3352 333 3408 servata
356 3351 434 3426 sunt,
458 3348 623 3422 anteposui.
670 3368 738 3407 cum
759 3348 863 3424 legum
887 3348 1060 3425 fragmenta
1081 3349 1116 3407 in

99 3436 220 3496 Brunsii
243 3437 377 3497 fontibus
397 3437 542 3497 nonnulla
559 3436 627 3496 aliis
646 3437 776 3495 numeris
796 3437 1004 3515 significentur
1023 3456 1114 3515 quam

94 3525 128 3582 in
150 3525 293 3585 Soboellii
318 3526 510 3606 collectione,
533 3525 691 3604 utriusque
715 3544 854 3585 numeros
877 3526 1019 3587 indicavi.
