2422 3840
92 126 133 190 88
171 126 218 182 Ν.
236 125 383 182 SEPTIMI
399 125 498 182 SAEC.
513 125 608 182 lURIS
624 124 799 181 CONSULT.
816 124 940 180 SEROES
955 125 1103 180 ALTERA

92 290 191 355 ‘liberi
210 294 269 354 mei
286 294 329 354 ibi
348 296 446 369 sunto,
464 294 517 353 ubi
535 312 586 354 eos
604 297 701 353 mater
720 286 897 374 (familias‘l)
917 311 981 353 esse
1000 289 1103 356 volet'.

93 383 165 460 quid
196 383 314 443 Mucius
346 383 381 442 de
413 383 471 443 boo
501 383 584 443 iusso
616 383 725 443 dixerit
757 401 892 459 quaeque
919 382 1102 460 Pomponius

94 472 244 548 adiecerit,
267 471 428 531 nescimus:
453 471 653 531 Tribonienus
673 490 752 532 nova
771 490 807 530 ex
825 471 1047 530 commentariis
1065 471 1102 530 ad

93 561 243 638 praetoris
267 561 398 620 edictum
422 565 543 636 sumpta
566 560 732 621 substituit.
774 560 809 620 of.
828 560 896 638 Dig.
918 563 970 637 27,
985 563 1015 636 2,
1040 555 1102 620 ‘ubi

93 650 226 726 pupillus
260 648 382 709 educari
414 649 463 709 vel
494 651 605 709 morari
637 649 744 709 debeat
776 651 806 708 et
834 649 870 707 de
898 649 1049 708 alimentis
1077 647 1104 707 ei

94 731 304 815 praestandis'.

505 870 614 928 Liber
638 869 689 928 IX.

389 986 435 1044 De
456 986 609 1045 accolitus
632 987 811 1045 actionibus?

112 1104 115 1110 '
182 1101 227 1161 De
245 1100 403 1160 noxalibus
422 1100 598 1177 actionibus,
618 1100 653 1159 de
673 1101 782 1177 quibus
802 1099 894 1159 Gaius
912 1099 966 1168 IV,
986 1104 1028 1162 75
1043 1121 1105 1180 sqq.

95 1191 229 1266 disserit,
257 1189 374 1249 Mucius
402 1189 458 1248 hoc
483 1188 559 1247 libro
583 1189 703 1248 videtur
727 1189 892 1266 scripsisse;
914 1207 984 1248 nam
1008 1210 1107 1268 neque

96 1279 292 1354 Pomponium
314 1277 391 1337 libro
412 1278 537 1354 septimo
558 1277 671 1338 decimo
690 1271 738 1336 ‘de
757 1279 822 1354 lege
841 1272 986 1356 Aquilia',
1009 1298 1106 1357 neque

95 1368 229 1426 Mucium
248 1367 383 1426 hocloco
398 1359 446 1424 ‘de
460 1366 602 1443 pauperie
618 1369 648 1425 et
662 1366 698 1425 de
712 1368 780 1442 lege
794 1360 928 1443 Aquilia'
944 1367 1108 1446 scripsisse,

95 1457 127 1515 id
156 1456 235 1531 quod
257 1455 349 1514 Lenel
374 1456 453 1526 vult,
481 1455 557 1513 ratio
582 1456 680 1534 docet,
709 1474 785 1533 quae
808 1456 898 1514 rebus
921 1456 996 1532 ipsis
1019 1458 1107 1528 inest,

97 1545 169 1622 quia
192 1544 228 1602 de
251 1544 351 1603 noxali
374 1543 514 1621 Aquiliae
538 1545 654 1602 actione
678 1543 789 1619 optime
812 1544 868 1603 hoc
890 1544 967 1604 libro
988 1545 1108 1605 Mucius

96 1633 225 1693 seribere
247 1634 356 1708 potuit.

187 1744 214 1806 1.
243 1741 281 1806 D.
301 1742 335 1825 9,
354 1742 388 1823 2,
407 1745 458 1807 31.
504 1741 594 1805 Idem
622 1739 771 1829 (Paulus)
800 1743 884 1807 libro
914 1742 1038 1808 decimo
1067 1745 1108 1808 ad

97 1829 251 1895 Sabinum
280 1828 328 1913 (P.
354 1828 484 1917 18071’).
534 1829 568 1894 si
600 1835 733 1914 putator
766 1853 803 1893 ex
836 1831 951 1896 arbore
981 1854 1108 1897 ramum

96 1942 170 1985 cum
194 1918 325 1985 deicerit
347 1920 400 1984 vel
423 1919 640 1984 machinarius
663 1919 827 1984 hominem
850 1924 1109 2002 praetereuntem

97 2009 223 2092 oceidit,
246 2009 292 2073 ita
315 2012 453 2093 tenetur,
477 2009 505 2072 si
527 2009 554 2072 is
578 2009 612 2071 in
636 2006 798 2091 publicum
823 2007 949 2073 decidat
972 2031 1032 2074 nec
1054 2010 1109 2074 ille

96 2098 314 2183 proclamarit,
338 2121 357 2161 u
395 2119 488 2162 casus
511 2097 585 2160 inde
610 2097 725 2160 evitari
748 2097 861 2181 possit.
904 2097 959 2162 sed
983 2096 1109 2163 Mucius

98 2188 195 2251 etiam
224 2187 319 2269 dixit,
347 2187 373 2250 si
402 2185 436 2249 in
463 2186 591 2268 privato
618 2185 704 2249 idem
733 2185 916 2267 accidisset,
943 2208 1041 2271 posse
1069 2187 1109 2252 de

97 2276 193 2361 culpa
220 2274 289 2360 agi:
317 2275 444 2357 culpam
473 2275 581 2336 autem
610 2295 679 2337 esse
708 2273 792 2357 quod
816 2296 889 2339 cum
912 2297 932 2339 a
956 2274 1109 2361 diligente

96 2363 259 2448 provideri
276 2364 406 2446 poterit,
423 2383 489 2424 non
508 2366 595 2425 esset
611 2363 778 2445 provisum
797 2367 854 2427 ant
872 2366 941 2426 tum
961 2363 1108 2430 denunti·

97 2456 187 2516 atum
211 2453 310 2534 esset,
334 2471 406 2514 eum
429 2449 607 2533 periculum
630 2451 745 2515 evitari
767 2473 833 2516 non
856 2453 968 2534 possit.

186 2569 230 2628 cf.
244 2570 279 2629 D.
295 2571 347 2647 48,
360 2571 389 2645 8,
403 2573 430 2630 7.
458 2570 571 2629 Paulus
585 2571 662 2630 libro
678 2571 824 2648 singulari
838 2572 873 2630 de
888 2572 1017 2647 publicis
1032 2574 1108 2632 iudi·

98 2659 150 2719 ciis
171 2656 216 2736 (P.
230 2655 330 2737 12661
403 2660 485 2718 si...
499 2661 623 2734 putator
643 2679 678 2719 ex
696 2660 803 2719 arbore
823 2679 892 2719 cum
910 2679 1029 2721 remum
1048 2663 1110 2721 dei·

98 2749 188 2825 ceret,
202 2767 262 2806 non
275 2747 486 2821 praeclamarit
500 2750 531 2806 et
544 2751 786 2822 praetereuntem
801 2749 952 2824 occiderit,
966 2753 1004 2809 ad
1018 2751 1110 2810 huius

98 2836 173 2913 legis
197 2828 250 2917 (so.
271 2834 426 2895 Corneliae
451 2837 486 2894 de
510 2828 640 2916 sicariis)
665 2838 873 2897 coercitionem
891 2857 950 2897 non
968 2840 1110 2914 pertinet.

187 2946 216 3009 2.
240 2943 279 3011 D.
298 2946 328 3030 9,
347 2946 376 3028 2,
395 2946 447 3010 39.
494 2946 689 3030 Pomponius
713 2946 796 3012 libro
821 2948 960 3030 septimo
984 2949 1110 3015 decimo

99 3034 139 3099 ad
164 3034 199 3111 Q.
217 3034 359 3099 Mucium
379 3033 429 3121 (P.
444 3033 533 3122 274).
574 3036 712 3111 Quintus
732 3036 858 3100 Mucius
878 3037 1003 3102 scribit:
1028 3061 1112 3122 equa

99 3146 170 3188 cum
198 3124 231 3187 in
260 3124 363 3188 alieno
389 3128 588 3208 pasceretur,
615 3125 650 3188 in
674 3126 816 3208 cogendo
840 3125 925 3208 quod
948 3147 1111 3213 praegnas

99 3216 170 3277 erat
198 3217 294 3277 eiecit.
340 3213 567 3296 quaerebatur,
595 3213 744 3278 dominus
770 3215 838 3278 eius
861 3220 1013 3297 possetne
1037 3238 1110 3281 cum

99 3323 137 3366 eo
165 3300 221 3386 qui
250 3302 408 3385 coegisset
435 3302 506 3384 lege
532 3301 664 3384 Aquilia
692 3323 801 3386 agere,
830 3303 904 3386 quia
933 3325 1048 3387 equam
1076 3305 1110 3368 in

100 3388 252 3454 c-iciendo
280 3395 419 3473 ruperat.
466 3391 493 3454 si
522 3392 735 3474 percussisset
762 3395 818 3455 aut
843 3392 992 3457 consulto
1017 3394 1110 3473 vehe-

100 3480 238 3543 mentius
263 3478 395 3562 egisset,
419 3479 522 3542 visum
547 3483 596 3542 est
620 3501 715 3564 agere
738 3502 843 3563 posse.
