<?xml version="1.0" encoding="UTF-8"?>
<!DOCTYPE html PUBLIC "-//W3C//DTD XHTML 1.0 Transitional//EN"
    "http://www.w3.org/TR/xhtml1/DTD/xhtml1-transitional.dtd">
<html xmlns="http://www.w3.org/1999/xhtml" xml:lang="en" lang="en">
 <head>
  <title>
</title>
<meta http-equiv="Content-Type" content="text/html;charset=utf-8" />
  <meta name='ocr-system' content='tesseract 3.04.00' />
  <meta name='ocr-capabilities' content='ocr_page ocr_carea ocr_par ocr_line ocrx_word'/>
</head>
<body>
  <div class='ocr_page' id='page_1' title='image "./iurisprudentiae00bremgoog_0325.png"; bbox 0 0 2422 3840; ppageno 0'>
   <div class='ocr_carea' id='block_1_1' title="bbox 93 149 1105 218">
    <p class='ocr_par' dir='ltr' id='par_1_1' title="bbox 93 149 1105 218">
     <span class='ocr_line' id='line_1_1' title="bbox 93 149 1105 218; baseline -0.009 -1"><span class='ocrx_word' id='word_1_1' title='bbox 93 153 159 218; x_wconf 77' lang='grc'><strong>312</strong></span> <span class='ocrx_word' id='word_1_2' title='bbox 187 151 260 208; x_wconf 86' lang='lat' dir='ltr'>VIII.</span> <span class='ocrx_word' id='word_1_3' title='bbox 276 149 408 207; x_wconf 82' lang='lat' dir='ltr'>OCTAVI</span> <span class='ocrx_word' id='word_1_4' title='bbox 423 152 521 208; x_wconf 79' lang='lat' dir='ltr'><strong>SAEO.</strong></span> <span class='ocrx_word' id='word_1_5' title='bbox 531 151 629 208; x_wconf 75' lang='lat' dir='ltr'><strong>lorus</strong></span> <span class='ocrx_word' id='word_1_6' title='bbox 644 152 817 209; x_wconf 71' lang='lat' dir='ltr'><strong>consum.</strong></span> <span class='ocrx_word' id='word_1_7' title='bbox 828 152 953 208; x_wconf 72' lang='lat' dir='ltr'><strong>snmus</strong></span> <span class='ocrx_word' id='word_1_8' title='bbox 968 153 1105 208; x_wconf 84' lang='lat' dir='ltr'><strong>TERTIA</strong></span> 
     </span>
    </p>
   </div>
   <div class='ocr_carea' id='block_1_2' title="bbox 95 315 1107 470">
    <p class='ocr_par' dir='ltr' id='par_1_2' title="bbox 95 315 1107 470">
     <span class='ocr_line' id='line_1_2' title="bbox 96 315 1107 400; baseline 0.001 -20"><span class='ocrx_word' id='word_1_9' title='bbox 96 315 196 400; x_wconf 82' lang='lat' dir='ltr'><strong>dit?):</strong></span> <span class='ocrx_word' id='word_1_10' title='bbox 225 317 274 380; x_wconf 91' lang='lat' dir='ltr'><strong>ius</strong></span> <span class='ocrx_word' id='word_1_11' title='bbox 301 337 368 379; x_wconf 91' lang='lat' dir='ltr'><strong>non</strong></span> <span class='ocrx_word' id='word_1_12' title='bbox 396 336 465 380; x_wconf 86' lang='lat' dir='ltr'><strong>esse</strong></span> <span class='ocrx_word' id='word_1_13' title='bbox 493 316 584 381; x_wconf 92' lang='lat' dir='ltr'><strong>illum</strong></span> <span class='ocrx_word' id='word_1_14' title='bbox 613 316 769 400; x_wconf 85' lang='lat' dir='ltr'><strong>parietem</strong></span> <span class='ocrx_word' id='word_1_15' title='bbox 797 317 847 381; x_wconf 85' lang='lat' dir='ltr'><strong>ita.</strong></span> <span class='ocrx_word' id='word_1_16' title='bbox 870 317 1045 398; x_wconf 87' lang='lat' dir='ltr'><strong>proiectum</strong></span> <span class='ocrx_word' id='word_1_17' title='bbox 1071 318 1107 381; x_wconf 93' lang='lat' dir='ltr'><strong>in</strong></span> 
     </span>
     <span class='ocr_line' id='line_1_3' title="bbox 95 402 475 470; baseline -0.005 1"><span class='ocrx_word' id='word_1_18' title='bbox 95 427 189 470; x_wconf 90' lang='lat' dir='ltr'><strong>suum</strong></span> <span class='ocrx_word' id='word_1_19' title='bbox 213 426 283 469; x_wconf 87' lang='lat' dir='ltr'><strong>esse</strong></span> <span class='ocrx_word' id='word_1_20' title='bbox 306 402 408 469; x_wconf 82' lang='lat' dir='ltr'><strong>invito</strong></span> <span class='ocrx_word' id='word_1_21' title='bbox 433 426 475 469; x_wconf 87' lang='lat' dir='ltr'><strong>se.</strong></span> 
     </span>
    </p>
   </div>
   <div class='ocr_carea' id='block_1_3' title="bbox 59 524 1106 730">
    <p class='ocr_par' dir='ltr' id='par_1_3' title="bbox 59 524 1106 730">
     <span class='ocr_line' id='line_1_4' title="bbox 149 524 582 601; baseline 0.012 -23"><span class='ocrx_word' id='word_1_22' title='bbox 149 575 151 578; x_wconf 77' lang='grc'>,</span> <span class='ocrx_word' id='word_1_23' title='bbox 185 525 220 585; x_wconf 86' lang='lat' dir='ltr'><strong>cf.</strong></span> <span class='ocrx_word' id='word_1_24' title='bbox 244 524 342 585; x_wconf 82' lang='lat' dir='ltr'><strong>Servii</strong></span> <span class='ocrx_word' id='word_1_25' title='bbox 364 543 508 601; x_wconf 83' lang='lat' dir='ltr'><strong>responsa</strong></span> <span class='ocrx_word' id='word_1_26' title='bbox 531 527 582 585; x_wconf 82' lang='lat'><strong>82.</strong></span> 
     </span>
     <span class='ocr_line' id='line_1_5' title="bbox 59 642 1106 730; baseline 0.001 -21"><span class='ocrx_word' id='word_1_27' title='bbox 59 654 61 664; x_wconf 74' lang='lat'>ยน</span> <span class='ocrx_word' id='word_1_28' title='bbox 185 644 236 709; x_wconf 82' lang='lat'><strong>63.</strong></span> <span class='ocrx_word' id='word_1_29' title='bbox 256 642 293 707; x_wconf 92' lang='lat' dir='ltr'><strong>D.</strong></span> <span class='ocrx_word' id='word_1_30' title='bbox 305 644 334 726; x_wconf 88' lang='lat'><strong>8,</strong></span> <span class='ocrx_word' id='word_1_31' title='bbox 343 642 437 728; x_wconf 78' lang='lat'><strong>5,17,</strong></span> <span class='ocrx_word' id='word_1_32' title='bbox 447 644 477 708; x_wconf 85' lang='lat'><strong>2.</strong></span> <span class='ocrx_word' id='word_1_33' title='bbox 500 643 637 709; x_wconf 83' lang='lat' dir='ltr'><strong>Alfenus</strong></span> <span class='ocrx_word' id='word_1_34' title='bbox 652 644 735 709; x_wconf 91' lang='lat' dir='ltr'><strong>libro</strong></span> <span class='ocrx_word' id='word_1_35' title='bbox 747 643 886 709; x_wconf 87' lang='lat' dir='ltr'><strong>secundo</strong></span> <span class='ocrx_word' id='word_1_36' title='bbox 896 643 1106 730; x_wconf 82' lang='lat' dir='ltr'><strong>Digestorum</strong></span> 
     </span>
    </p>
   </div>
   <div class='ocr_carea' id='block_1_4' title="bbox 95 729 1109 1436">
    <p class='ocr_par' dir='ltr' id='par_1_4' title="bbox 95 729 1109 1436">
     <span class='ocr_line' id='line_1_6' title="bbox 97 729 1107 818; baseline 0.001 -21"><span class='ocrx_word' id='word_1_37' title='bbox 97 731 144 816; x_wconf 92' lang='lat' dir='ltr'><strong>(P.</strong></span> <span class='ocrx_word' id='word_1_38' title='bbox 164 735 199 816; x_wconf 88' lang='lat'><strong>4,</strong></span> <span class='ocrx_word' id='word_1_39' title='bbox 218 729 263 818; x_wconf 80' lang='lat'><strong>2).</strong></span> <span class='ocrx_word' id='word_1_40' title='bbox 311 731 491 797; x_wconf 85' lang='lat' dir='ltr'><strong>Secundum</strong></span> <span class='ocrx_word' id='word_1_41' title='bbox 520 733 610 798; x_wconf 87' lang='lat' dir='ltr'><strong>cuius</strong></span> <span class='ocrx_word' id='word_1_42' title='bbox 632 732 789 816; x_wconf 88' lang='lat' dir='ltr'><strong>parietem</strong></span> <span class='ocrx_word' id='word_1_43' title='bbox 811 733 938 797; x_wconf 86' lang='lat' dir='ltr'><strong>vicinus</strong></span> <span class='ocrx_word' id='word_1_44' title='bbox 963 735 1107 798; x_wconf 87' lang='lat' dir='ltr'><strong>sterculi-</strong></span> 
     </span>
     <span class='ocr_line' id='line_1_7' title="bbox 95 820 1107 906; baseline 0 -20"><span class='ocrx_word' id='word_1_45' title='bbox 95 844 173 886; x_wconf 88' lang='lat' dir='ltr'><strong>num</strong></span> <span class='ocrx_word' id='word_1_46' title='bbox 194 821 324 905; x_wconf 86' lang='lat' dir='ltr'><strong>fecerat,</strong></span> <span class='ocrx_word' id='word_1_47' title='bbox 342 843 381 885; x_wconf 88' lang='lat' dir='ltr'><strong>ex</strong></span> <span class='ocrx_word' id='word_1_48' title='bbox 400 843 462 906; x_wconf 92' lang='lat' dir='ltr'><strong>quo</strong></span> <span class='ocrx_word' id='word_1_49' title='bbox 481 821 589 904; x_wconf 86' lang='lat' dir='ltr'><strong>parics</strong></span> <span class='ocrx_word' id='word_1_50' title='bbox 608 820 821 904; x_wconf 86' lang='lat' dir='ltr'><strong>madescebat,</strong></span> <span class='ocrx_word' id='word_1_51' title='bbox 840 821 1107 906; x_wconf 87' lang='lat' dir='ltr'><strong>consulebat[ur],</strong></span> 
     </span>
     <span class='ocr_line' id='line_1_8' title="bbox 98 908 1106 995; baseline 0.002 -22"><span class='ocrx_word' id='word_1_52' title='bbox 98 908 367 995; x_wconf 81' lang='lat' dir='ltr'><strong>quemadmodum</strong></span> <span class='ocrx_word' id='word_1_53' title='bbox 390 912 502 994; x_wconf 90' lang='lat' dir='ltr'><strong>posset</strong></span> <span class='ocrx_word' id='word_1_54' title='bbox 524 909 664 974; x_wconf 81' lang='lat' dir='ltr'><strong>vicinum</strong></span> <span class='ocrx_word' id='word_1_55' title='bbox 688 929 815 994; x_wconf 84' lang='lat' dir='ltr'><strong>cogere,</strong></span> <span class='ocrx_word' id='word_1_56' title='bbox 838 914 875 973; x_wconf 92' lang='lat' dir='ltr'><strong>ut</strong></span> <span class='ocrx_word' id='word_1_57' title='bbox 897 913 1106 975; x_wconf 78' lang='lat' dir='ltr'><strong>sterculinum</strong></span> 
     </span>
     <span class='ocr_line' id='line_1_9' title="bbox 97 997 1107 1083; baseline -0.002 -19"><span class='ocrx_word' id='word_1_58' title='bbox 97 999 235 1064; x_wconf 87' lang='lat' dir='ltr'><strong>tolleret.</strong></span> <span class='ocrx_word' id='word_1_59' title='bbox 281 998 447 1082; x_wconf 85' lang='lat' dir='ltr'><strong>respondi,</strong></span> <span class='ocrx_word' id='word_1_60' title='bbox 473 999 502 1062; x_wconf 93' lang='lat' dir='ltr'><strong>si</strong></span> <span class='ocrx_word' id='word_1_61' title='bbox 524 998 558 1062; x_wconf 92' lang='lat' dir='ltr'><strong>in</strong></span> <span class='ocrx_word' id='word_1_62' title='bbox 581 1000 651 1064; x_wconf 90' lang='lat' dir='ltr'><strong>loco</strong></span> <span class='ocrx_word' id='word_1_63' title='bbox 674 998 805 1083; x_wconf 87' lang='lat' dir='ltr'><strong>publico</strong></span> <span class='ocrx_word' id='word_1_64' title='bbox 829 997 862 1062; x_wconf 93' lang='lat' dir='ltr'><strong>id</strong></span> <span class='ocrx_word' id='word_1_65' title='bbox 885 998 1027 1080; x_wconf 81' lang='lat' dir='ltr'><strong>fecisset,</strong></span> <span class='ocrx_word' id='word_1_66' title='bbox 1050 1021 1107 1083; x_wconf 84' lang='lat' dir='ltr'><strong>per</strong></span> 
     </span>
     <span class='ocr_line' id='line_1_10' title="bbox 97 1087 1107 1172; baseline 0.002 -22"><span class='ocrx_word' id='word_1_67' title='bbox 97 1087 307 1152; x_wconf 88' lang='lat' dir='ltr'><strong>interdictum</strong></span> <span class='ocrx_word' id='word_1_68' title='bbox 331 1087 404 1172; x_wconf 82' lang='lat' dir='ltr'><strong>cogi</strong></span> <span class='ocrx_word' id='word_1_69' title='bbox 426 1108 532 1172; x_wconf 89' lang='lat' dir='ltr'><strong>posse,</strong></span> <span class='ocrx_word' id='word_1_70' title='bbox 555 1087 611 1151; x_wconf 88' lang='lat' dir='ltr'><strong>sed</strong></span> <span class='ocrx_word' id='word_1_71' title='bbox 635 1087 663 1151; x_wconf 88' lang='lat' dir='ltr'><strong>si</strong></span> <span class='ocrx_word' id='word_1_72' title='bbox 681 1088 715 1151; x_wconf 92' lang='lat' dir='ltr'><strong>in</strong></span> <span class='ocrx_word' id='word_1_73' title='bbox 733 1088 870 1171; x_wconf 84' lang='lat' dir='ltr'><strong>private,</strong></span> <span class='ocrx_word' id='word_1_74' title='bbox 893 1088 931 1150; x_wconf 89' lang='lat' dir='ltr'><strong>de</strong></span> <span class='ocrx_word' id='word_1_75' title='bbox 951 1089 1107 1152; x_wconf 86' lang='lat' dir='ltr'><strong>servitute</strong></span> 
     </span>
     <span class='ocr_line' id='line_1_11' title="bbox 98 1174 1109 1260; baseline 0 -20"><span class='ocrx_word' id='word_1_76' title='bbox 98 1196 193 1260; x_wconf 83' lang='lat' dir='ltr'><strong>agere</strong></span> <span class='ocrx_word' id='word_1_77' title='bbox 214 1179 376 1258; x_wconf 72' lang='lat' dir='ltr'><strong>oportere,</strong></span> <span class='ocrx_word' id='word_1_78' title='bbox 395 1174 423 1239; x_wconf 91' lang='lat' dir='ltr'><strong>si</strong></span> <span class='ocrx_word' id='word_1_79' title='bbox 442 1175 553 1239; x_wconf 89' lang='lat' dir='ltr'><strong>damni</strong></span> <span class='ocrx_word' id='word_1_80' title='bbox 570 1176 682 1241; x_wconf 88' lang='lat' dir='ltr'><strong>infecti</strong></span> <span class='ocrx_word' id='word_1_81' title='bbox 701 1175 875 1258; x_wconf 86' lang='lat' dir='ltr'><strong>stipulatus</strong></span> <span class='ocrx_word' id='word_1_82' title='bbox 895 1180 989 1259; x_wconf 91' lang='lat' dir='ltr'><strong>esset,</strong></span> <span class='ocrx_word' id='word_1_83' title='bbox 1003 1177 1109 1259; x_wconf 87' lang='lat' dir='ltr'><strong>possit</strong></span> 
     </span>
     <span class='ocr_line' id='line_1_12' title="bbox 97 1263 1108 1349; baseline 0.001 -21"><span class='ocrx_word' id='word_1_84' title='bbox 97 1286 155 1349; x_wconf 91' lang='lat' dir='ltr'><strong>per</strong></span> <span class='ocrx_word' id='word_1_85' title='bbox 182 1285 253 1328; x_wconf 87' lang='lat' dir='ltr'><strong>eam</strong></span> <span class='ocrx_word' id='word_1_86' title='bbox 282 1264 540 1348; x_wconf 80' lang='lat' dir='ltr'><strong>stipulationem,</strong></span> <span class='ocrx_word' id='word_1_87' title='bbox 569 1265 596 1328; x_wconf 92' lang='lat' dir='ltr'><strong>si</strong></span> <span class='ocrx_word' id='word_1_88' title='bbox 624 1263 699 1348; x_wconf 90' lang='lat' dir='ltr'><strong>quid</strong></span> <span class='ocrx_word' id='word_1_89' title='bbox 728 1285 767 1327; x_wconf 86' lang='lat' dir='ltr'><strong>ex</strong></span> <span class='ocrx_word' id='word_1_90' title='bbox 793 1286 888 1328; x_wconf 87' lang='lat' dir='ltr'><strong>care</strong></span> <span class='ocrx_word' id='word_1_91' title='bbox 912 1265 973 1329; x_wconf 86' lang='lat' dir='ltr'><strong>sibi</strong></span> <span class='ocrx_word' id='word_1_92' title='bbox 998 1266 1108 1329; x_wconf 88' lang='lat' dir='ltr'><strong>damni</strong></span> 
     </span>
     <span class='ocr_line' id='line_1_13' title="bbox 98 1354 489 1436; baseline 0 -20"><span class='ocrx_word' id='word_1_93' title='bbox 98 1354 208 1417; x_wconf 88' lang='lat' dir='ltr'><strong>datum</strong></span> <span class='ocrx_word' id='word_1_94' title='bbox 233 1356 331 1436; x_wconf 89' lang='lat' dir='ltr'><strong>esset,</strong></span> <span class='ocrx_word' id='word_1_95' title='bbox 355 1374 489 1416; x_wconf 86' lang='lat' dir='ltr'><strong>servare.</strong></span> 
     </span>
    </p>
   </div>
   <div class='ocr_carea' id='block_1_5' title="bbox 398 1562 806 1622">
    <p class='ocr_par' dir='ltr' id='par_1_5' title="bbox 398 1562 806 1622">
     <span class='ocr_line' id='line_1_14' title="bbox 398 1562 806 1622; baseline 0 -2"><span class='ocrx_word' id='word_1_96' title='bbox 398 1562 445 1620; x_wconf 89' lang='lat' dir='ltr'><strong>De</strong></span> <span class='ocrx_word' id='word_1_97' title='bbox 468 1563 605 1622; x_wconf 74' lang='lat' dir='ltr'><strong>creditore</strong></span> <span class='ocrx_word' id='word_1_98' title='bbox 628 1567 654 1621; x_wconf 82' lang='lat' dir='ltr'><strong>et</strong></span> <span class='ocrx_word' id='word_1_99' title='bbox 675 1563 806 1622; x_wconf 78' lang='lat' dir='ltr'><strong>debitore.</strong></span> 
     </span>
    </p>
   </div>
   <div class='ocr_carea' id='block_1_6' title="bbox 98 1679 1112 2385">
    <p class='ocr_par' dir='ltr' id='par_1_6' title="bbox 98 1679 1112 2385">
     <span class='ocr_line' id='line_1_15' title="bbox 190 1679 1109 1765; baseline 0 -20"><span class='ocrx_word' id='word_1_100' title='bbox 190 1681 241 1745; x_wconf 82' lang='lat'><strong>64.</strong></span> <span class='ocrx_word' id='word_1_101' title='bbox 267 1679 303 1745; x_wconf 92' lang='lat' dir='ltr'><strong>D.</strong></span> <span class='ocrx_word' id='word_1_102' title='bbox 321 1680 371 1763; x_wconf 84' lang='lat'><strong>13,</strong></span> <span class='ocrx_word' id='word_1_103' title='bbox 386 1681 416 1765; x_wconf 79' lang='lat'><strong>7,</strong></span> <span class='ocrx_word' id='word_1_104' title='bbox 429 1681 481 1746; x_wconf 87' lang='lat'><strong>30.</strong></span> <span class='ocrx_word' id='word_1_105' title='bbox 513 1680 635 1745; x_wconf 88' lang='lat' dir='ltr'><strong>Paulus</strong></span> <span class='ocrx_word' id='word_1_106' title='bbox 654 1681 738 1746; x_wconf 92' lang='lat' dir='ltr'><strong>libro</strong></span> <span class='ocrx_word' id='word_1_107' title='bbox 758 1681 871 1765; x_wconf 89' lang='lat' dir='ltr'><strong>quinto</strong></span> <span class='ocrx_word' id='word_1_108' title='bbox 892 1681 1109 1764; x_wconf 87' lang='lat' dir='ltr'><strong>epitomarum</strong></span> 
     </span>
     <span class='ocr_line' id='line_1_16' title="bbox 98 1766 1110 1857; baseline -0.001 -23"><span class='ocrx_word' id='word_1_109' title='bbox 98 1768 208 1834; x_wconf 84' lang='lat' dir='ltr'><strong>Alfeni</strong></span> <span class='ocrx_word' id='word_1_110' title='bbox 231 1768 311 1833; x_wconf 89' lang='lat' dir='ltr'><strong>Vari</strong></span> <span class='ocrx_word' id='word_1_111' title='bbox 335 1768 546 1852; x_wconf 86' lang='lat' dir='ltr'><strong>Digestorum</strong></span> <span class='ocrx_word' id='word_1_112' title='bbox 570 1768 619 1856; x_wconf 90' lang='lat' dir='ltr'><strong>(P.</strong></span> <span class='ocrx_word' id='word_1_113' title='bbox 644 1766 710 1857; x_wconf 78' lang='lat'><strong>70).</strong></span> <span class='ocrx_word' id='word_1_114' title='bbox 763 1769 825 1846; x_wconf 81' lang='lat' dir='ltr'><strong>Qui</strong></span> <span class='ocrx_word' id='word_1_115' title='bbox 848 1770 980 1835; x_wconf 80' lang='lat' dir='ltr'><strong>retiario</strong></span> <span class='ocrx_word' id='word_1_116' title='bbox 1009 1769 1110 1834; x_wconf 90' lang='lat' dir='ltr'><strong>credi-</strong></span> 
     </span>
     <span class='ocr_line' id='line_1_17' title="bbox 100 1856 1111 1942; baseline -0.001 -19"><span class='ocrx_word' id='word_1_117' title='bbox 100 1859 198 1941; x_wconf 81' lang='lat' dir='ltr'><strong>derat,</strong></span> <span class='ocrx_word' id='word_1_118' title='bbox 222 1856 358 1924; x_wconf 89' lang='lat' dir='ltr'><strong>eumad</strong></span> <span class='ocrx_word' id='word_1_119' title='bbox 382 1857 465 1922; x_wconf 87' lang='lat' dir='ltr'><strong>diem</strong></span> <span class='ocrx_word' id='word_1_120' title='bbox 488 1857 624 1942; x_wconf 88' lang='lat' dir='ltr'><strong>pecunia</strong></span> <span class='ocrx_word' id='word_1_121' title='bbox 646 1880 713 1923; x_wconf 92' lang='lat' dir='ltr'><strong>non</strong></span> <span class='ocrx_word' id='word_1_122' title='bbox 736 1859 923 1940; x_wconf 87' lang='lat' dir='ltr'><strong>solveretur,</strong></span> <span class='ocrx_word' id='word_1_123' title='bbox 947 1862 1050 1922; x_wconf 89' lang='lat' dir='ltr'><strong>ratem</strong></span> <span class='ocrx_word' id='word_1_124' title='bbox 1076 1859 1111 1922; x_wconf 93' lang='lat' dir='ltr'><strong>in</strong></span> 
     </span>
     <span class='ocr_line' id='line_1_18' title="bbox 99 1946 1111 2031; baseline 0 -21"><span class='ocrx_word' id='word_1_125' title='bbox 99 1946 232 2012; x_wconf 88' lang='lat' dir='ltr'><strong>flumine</strong></span> <span class='ocrx_word' id='word_1_126' title='bbox 257 1968 315 2011; x_wconf 84' lang='lat' dir='ltr'><strong>sua</strong></span> <span class='ocrx_word' id='word_1_127' title='bbox 339 1948 531 2012; x_wconf 88' lang='lat' dir='ltr'><strong>auctoritate</strong></span> <span class='ocrx_word' id='word_1_128' title='bbox 554 1947 700 2012; x_wconf 87' lang='lat' dir='ltr'><strong>detinuit.</strong></span> <span class='ocrx_word' id='word_1_129' title='bbox 735 1949 848 2031; x_wconf 88' lang='lat' dir='ltr'><strong>postea</strong></span> <span class='ocrx_word' id='word_1_130' title='bbox 870 1946 990 2011; x_wconf 88' lang='lat' dir='ltr'><strong>fiumen</strong></span> <span class='ocrx_word' id='word_1_131' title='bbox 1009 1947 1111 2011; x_wconf 87' lang='lat' dir='ltr'><strong>crevit</strong></span> 
     </span>
     <span class='ocr_line' id='line_1_19' title="bbox 99 2035 1110 2120; baseline 0 -21"><span class='ocrx_word' id='word_1_132' title='bbox 99 2040 133 2100; x_wconf 93' lang='lat' dir='ltr'><strong>et</strong></span> <span class='ocrx_word' id='word_1_133' title='bbox 159 2040 262 2100; x_wconf 81' lang='lat' dir='ltr'><strong>ratem</strong></span> <span class='ocrx_word' id='word_1_134' title='bbox 292 2035 436 2100; x_wconf 83' lang='lat' dir='ltr'><strong>abstulit.</strong></span> <span class='ocrx_word' id='word_1_135' title='bbox 482 2036 510 2100; x_wconf 93' lang='lat' dir='ltr'><strong>si</strong></span> <span class='ocrx_word' id='word_1_136' title='bbox 532 2035 634 2100; x_wconf 83' lang='lat' dir='ltr'><strong>invito</strong></span> <span class='ocrx_word' id='word_1_137' title='bbox 657 2035 790 2100; x_wconf 86' lang='lat' dir='ltr'><strong>ratiario</strong></span> <span class='ocrx_word' id='word_1_138' title='bbox 814 2036 1012 2120; x_wconf 85' lang='lat' dir='ltr'><strong>retinuisset,</strong></span> <span class='ocrx_word' id='word_1_139' title='bbox 1041 2036 1110 2100; x_wconf 90' lang='lat' dir='ltr'><strong>eius</strong></span> 
     </span>
     <span class='ocr_line' id='line_1_20' title="bbox 99 2123 1111 2210; baseline -0.002 -21"><span class='ocrx_word' id='word_1_140' title='bbox 99 2125 241 2208; x_wconf 90' lang='lat' dir='ltr'><strong>periculo</strong></span> <span class='ocrx_word' id='word_1_141' title='bbox 275 2127 378 2188; x_wconf 86' lang='lat' dir='ltr'><strong>ratem</strong></span> <span class='ocrx_word' id='word_1_142' title='bbox 409 2124 509 2188; x_wconf 85' lang='lat' dir='ltr'><strong>fuisse</strong></span> <span class='ocrx_word' id='word_1_143' title='bbox 539 2124 719 2210; x_wconf 74' lang='lat' dir='ltr'><strong>respoudit,</strong></span> <span class='ocrx_word' id='word_1_144' title='bbox 752 2124 808 2188; x_wconf 89' lang='lat' dir='ltr'><strong>sed</strong></span> <span class='ocrx_word' id='word_1_145' title='bbox 835 2125 864 2188; x_wconf 93' lang='lat' dir='ltr'><strong>si</strong></span> <span class='ocrx_word' id='word_1_146' title='bbox 891 2123 1019 2188; x_wconf 90' lang='lat' dir='ltr'><strong>debitor</strong></span> <span class='ocrx_word' id='word_1_147' title='bbox 1052 2147 1111 2188; x_wconf 84' lang='lat' dir='ltr'><strong>sua</strong></span> 
     </span>
     <span class='ocr_line' id='line_1_21' title="bbox 100 2212 1112 2301; baseline -0.002 -23"><span class='ocrx_word' id='word_1_148' title='bbox 100 2214 266 2280; x_wconf 83' lang='lat' dir='ltr'><strong>voluntate</strong></span> <span class='ocrx_word' id='word_1_149' title='bbox 290 2213 517 2294; x_wconf 82' lang='lat' dir='ltr'><strong>concessisset,</strong></span> <span class='ocrx_word' id='word_1_150' title='bbox 540 2215 577 2276; x_wconf 90' lang='lat' dir='ltr'><strong>ut</strong></span> <span class='ocrx_word' id='word_1_151' title='bbox 599 2213 767 2290; x_wconf 88' lang='lat' dir='ltr'><strong>retineret,</strong></span> <span class='ocrx_word' id='word_1_152' title='bbox 790 2213 919 2298; x_wconf 90' lang='lat' dir='ltr'><strong>culpam</strong></span> <span class='ocrx_word' id='word_1_153' title='bbox 942 2212 1112 2301; x_wconf 80' lang='lat' dir='ltr'><strong>dumtaxat</strong></span> 
     </span>
     <span class='ocr_line' id='line_1_22' title="bbox 101 2301 761 2385; baseline -0.003 -19"><span class='ocrx_word' id='word_1_154' title='bbox 101 2302 130 2366; x_wconf 91' lang='lat' dir='ltr'><strong>ei</strong></span> <span class='ocrx_word' id='word_1_155' title='bbox 153 2301 395 2385; x_wconf 87' lang='lat' dir='ltr'><strong>praestandam,</strong></span> <span class='ocrx_word' id='word_1_156' title='bbox 418 2323 483 2365; x_wconf 92' lang='lat' dir='ltr'><strong>non</strong></span> <span class='ocrx_word' id='word_1_157' title='bbox 507 2301 573 2365; x_wconf 87' lang='lat' dir='ltr'><strong>vim</strong></span> <span class='ocrx_word' id='word_1_158' title='bbox 596 2301 761 2366; x_wconf 81' lang='lat' dir='ltr'><strong>maiorem.</strong></span> 
     </span>
    </p>
   </div>
   <div class='ocr_carea' id='block_1_7' title="bbox 47 2405 1116 3378">
    <p class='ocr_par' dir='ltr' id='par_1_7' title="bbox 47 2405 1116 3378">
     <span class='ocr_line' id='line_1_23' title="bbox 190 2405 1110 2492; baseline -0.002 -19"><span class='ocrx_word' id='word_1_159' title='bbox 190 2407 242 2473; x_wconf 84' lang='lat'><strong>65.</strong></span> <span class='ocrx_word' id='word_1_160' title='bbox 270 2406 308 2470; x_wconf 91' lang='lat' dir='ltr'><strong>D.</strong></span> <span class='ocrx_word' id='word_1_161' title='bbox 327 2408 385 2492; x_wconf 82' lang='lat'><strong>46,</strong></span> <span class='ocrx_word' id='word_1_162' title='bbox 403 2409 437 2488; x_wconf 88' lang='lat'><strong>3,</strong></span> <span class='ocrx_word' id='word_1_163' title='bbox 456 2408 509 2472; x_wconf 82' lang='lat'><strong>67.</strong></span> <span class='ocrx_word' id='word_1_164' title='bbox 549 2405 721 2471; x_wconf 80' lang='lat' dir='ltr'><strong>Marcellus</strong></span> <span class='ocrx_word' id='word_1_165' title='bbox 748 2407 831 2471; x_wconf 92' lang='lat' dir='ltr'><strong>libro</strong></span> <span class='ocrx_word' id='word_1_166' title='bbox 860 2407 955 2470; x_wconf 89' lang='lat' dir='ltr'><strong>tertio</strong></span> <span class='ocrx_word' id='word_1_167' title='bbox 985 2407 1110 2471; x_wconf 91' lang='lat' dir='ltr'><strong>decimo</strong></span> 
     </span>
     <span class='ocr_line' id='line_1_24' title="bbox 100 2491 1112 2582; baseline 0 -23"><span class='ocrx_word' id='word_1_168' title='bbox 100 2495 311 2579; x_wconf 83' lang='lat' dir='ltr'><strong>Digestorum</strong></span> <span class='ocrx_word' id='word_1_169' title='bbox 335 2491 384 2582; x_wconf 91' lang='lat' dir='ltr'><strong>(P.</strong></span> <span class='ocrx_word' id='word_1_170' title='bbox 400 2491 489 2582; x_wconf 79' lang='lat'><strong>157).</strong></span> <span class='ocrx_word' id='word_1_171' title='bbox 522 2544 575 2560; x_wconf 90' lang='lat'><strong>...</strong></span> <span class='ocrx_word' id='word_1_172' title='bbox 599 2496 683 2580; x_wconf 84' lang='lat' dir='ltr'><strong>apud</strong></span> <span class='ocrx_word' id='word_1_173' title='bbox 701 2494 855 2559; x_wconf 84' lang='lat' dir='ltr'><strong>Alfenum</strong></span> <span class='ocrx_word' id='word_1_174' title='bbox 875 2493 1004 2559; x_wconf 84' lang='lat' dir='ltr'><strong>Servius</strong></span> <span class='ocrx_word' id='word_1_175' title='bbox 1028 2517 1112 2579; x_wconf 91' lang='lat' dir='ltr'><strong>eum,</strong></span> 
     </span>
     <span class='ocr_line' id='line_1_25' title="bbox 101 2583 1111 2668; baseline 0 -20"><span class='ocrx_word' id='word_1_176' title='bbox 101 2583 157 2667; x_wconf 91' lang='lat' dir='ltr'><strong>qui</strong></span> <span class='ocrx_word' id='word_1_177' title='bbox 185 2585 291 2648; x_wconf 89' lang='lat' dir='ltr'><strong>minus</strong></span> <span class='ocrx_word' id='word_1_178' title='bbox 320 2605 340 2647; x_wconf 84' lang='lat' dir='ltr'><strong>a</strong></span> <span class='ocrx_word' id='word_1_179' title='bbox 369 2583 512 2648; x_wconf 88' lang='lat' dir='ltr'><strong>debitore</strong></span> <span class='ocrx_word' id='word_1_180' title='bbox 541 2605 598 2648; x_wconf 92' lang='lat' dir='ltr'><strong>suo</strong></span> <span class='ocrx_word' id='word_1_181' title='bbox 632 2583 775 2668; x_wconf 86' lang='lat' dir='ltr'><strong>accipere</strong></span> <span class='ocrx_word' id='word_1_182' title='bbox 806 2588 839 2649; x_wconf 88' lang='lat' dir='ltr'><strong>et</strong></span> <span class='ocrx_word' id='word_1_183' title='bbox 869 2583 1006 2649; x_wconf 89' lang='lat' dir='ltr'><strong>liberare</strong></span> <span class='ocrx_word' id='word_1_184' title='bbox 1037 2606 1111 2648; x_wconf 93' lang='lat' dir='ltr'><strong>eum</strong></span> 
     </span>
     <span class='ocr_line' id='line_1_26' title="bbox 100 2671 1113 2758; baseline -0.002 -20"><span class='ocrx_word' id='word_1_185' title='bbox 100 2671 213 2755; x_wconf 80' lang='lat' dir='ltr'><strong>uellet,</strong></span> <span class='ocrx_word' id='word_1_186' title='bbox 240 2672 407 2756; x_wconf 88' lang='lat' dir='ltr'><strong>respondit</strong></span> <span class='ocrx_word' id='word_1_187' title='bbox 434 2694 529 2755; x_wconf 85' lang='lat' dir='ltr'><strong>posse</strong></span> <span class='ocrx_word' id='word_1_188' title='bbox 558 2674 685 2757; x_wconf 90' lang='lat' dir='ltr'><strong>saepius</strong></span> <span class='ocrx_word' id='word_1_189' title='bbox 711 2674 835 2758; x_wconf 85' lang='lat' dir='ltr'><strong>aliquot</strong></span> <span class='ocrx_word' id='word_1_190' title='bbox 857 2694 1005 2736; x_wconf 92' lang='lat' dir='ltr'><strong>nummos</strong></span> <span class='ocrx_word' id='word_1_191' title='bbox 1030 2675 1113 2736; x_wconf 87' lang='lat' dir='ltr'><strong>acci-</strong></span> 
     </span>
     <span class='ocr_line' id='line_1_27' title="bbox 101 2760 1112 2846; baseline 0.001 -21"><span class='ocrx_word' id='word_1_192' title='bbox 101 2760 219 2846; x_wconf 92' lang='lat' dir='ltr'><strong>piendo</strong></span> <span class='ocrx_word' id='word_1_193' title='bbox 249 2760 290 2823; x_wconf 85' lang='lat' dir='ltr'><strong>ab</strong></span> <span class='ocrx_word' id='word_1_194' title='bbox 316 2782 354 2825; x_wconf 89' lang='lat' dir='ltr'><strong>eo</strong></span> <span class='ocrx_word' id='word_1_195' title='bbox 379 2761 470 2844; x_wconf 85' lang='lat' dir='ltr'><strong>eique</strong></span> <span class='ocrx_word' id='word_1_196' title='bbox 493 2764 579 2826; x_wconf 89' lang='lat' dir='ltr'><strong>retro</strong></span> <span class='ocrx_word' id='word_1_197' title='bbox 604 2761 708 2826; x_wconf 90' lang='lat' dir='ltr'><strong>dando</strong></span> <span class='ocrx_word' id='word_1_198' title='bbox 733 2783 900 2826; x_wconf 81' lang='lat' dir='ltr'><strong>aurursus</strong></span> <span class='ocrx_word' id='word_1_199' title='bbox 925 2761 1112 2845; x_wconf 84' lang='lat' dir='ltr'><strong>accipiendo</strong></span> 
     </span>
     <span class='ocr_line' id='line_1_28' title="bbox 102 2848 1113 2933; baseline 0 -19"><span class='ocrx_word' id='word_1_200' title='bbox 102 2849 136 2914; x_wconf 91' lang='lat' dir='ltr'><strong>id</strong></span> <span class='ocrx_word' id='word_1_201' title='bbox 160 2848 295 2927; x_wconf 83' lang='lat' dir='ltr'><strong>efficere,</strong></span> <span class='ocrx_word' id='word_1_202' title='bbox 321 2849 435 2929; x_wconf 86' lang='lat' dir='ltr'><strong>[veluti</strong></span> <span class='ocrx_word' id='word_1_203' title='bbox 454 2850 482 2914; x_wconf 91' lang='lat' dir='ltr'><strong>si</strong></span> <span class='ocrx_word' id='word_1_204' title='bbox 501 2855 627 2915; x_wconf 88' lang='lat' dir='ltr'><strong>centum</strong></span> <span class='ocrx_word' id='word_1_205' title='bbox 647 2850 824 2915; x_wconf 89' lang='lat' dir='ltr'><strong>debitorem</strong></span> <span class='ocrx_word' id='word_1_206' title='bbox 844 2850 952 2915; x_wconf 87' lang='lat' dir='ltr'><strong>decem</strong></span> <span class='ocrx_word' id='word_1_207' title='bbox 971 2851 1113 2933; x_wconf 85' lang='lat' dir='ltr'><strong>acceptis</strong></span> 
     </span>
     <span class='ocr_line' id='line_1_29' title="bbox 47 2937 1114 3022; baseline 0.002 -21"><span class='ocrx_word' id='word_1_208' title='bbox 47 2988 49 2994; x_wconf 92' lang='lat'><strong>.</strong></span> <span class='ocrx_word' id='word_1_209' title='bbox 102 2938 239 3003; x_wconf 89' lang='lat' dir='ltr'><strong>liberare</strong></span> <span class='ocrx_word' id='word_1_210' title='bbox 263 2937 403 3003; x_wconf 86' lang='lat' dir='ltr'><strong>creditor</strong></span> <span class='ocrx_word' id='word_1_211' title='bbox 425 2939 513 3022; x_wconf 87' lang='lat' dir='ltr'><strong>velit,</strong></span> <span class='ocrx_word' id='word_1_212' title='bbox 535 2942 572 3003; x_wconf 93' lang='lat' dir='ltr'><strong>ut</strong></span> <span class='ocrx_word' id='word_1_213' title='bbox 590 2960 662 3004; x_wconf 90' lang='lat' dir='ltr'><strong>cum</strong></span> <span class='ocrx_word' id='word_1_214' title='bbox 681 2939 790 3004; x_wconf 87' lang='lat' dir='ltr'><strong>decern</strong></span> <span class='ocrx_word' id='word_1_215' title='bbox 810 2938 977 3022; x_wconf 84' lang='lat' dir='ltr'><strong>acceperit,</strong></span> <span class='ocrx_word' id='word_1_216' title='bbox 1000 2939 1114 3003; x_wconf 87' lang='lat' dir='ltr'><strong>cadem</strong></span> 
     </span>
     <span class='ocr_line' id='line_1_30' title="bbox 104 3025 1113 3112; baseline 0 -21"><span class='ocrx_word' id='word_1_217' title='bbox 104 3027 133 3091; x_wconf 86' lang='lat' dir='ltr'><strong>ei</strong></span> <span class='ocrx_word' id='word_1_218' title='bbox 165 3031 252 3091; x_wconf 93' lang='lat' dir='ltr'><strong>retro</strong></span> <span class='ocrx_word' id='word_1_219' title='bbox 284 3025 411 3111; x_wconf 88' lang='lat' dir='ltr'><strong>reddat,</strong></span> <span class='ocrx_word' id='word_1_220' title='bbox 443 3050 518 3092; x_wconf 88' lang='lat' dir='ltr'><strong>mox</strong></span> <span class='ocrx_word' id='word_1_221' title='bbox 549 3029 590 3092; x_wconf 88' lang='lat' dir='ltr'><strong>ab</strong></span> <span class='ocrx_word' id='word_1_222' title='bbox 623 3050 661 3092; x_wconf 89' lang='lat' dir='ltr'><strong>eo</strong></span> <span class='ocrx_word' id='word_1_223' title='bbox 694 3028 832 3112; x_wconf 86' lang='lat' dir='ltr'><strong>accipiat</strong></span> <span class='ocrx_word' id='word_1_224' title='bbox 864 3049 901 3091; x_wconf 88' lang='lat' dir='ltr'><strong>ac</strong></span> <span class='ocrx_word' id='word_1_225' title='bbox 934 3026 1113 3091; x_wconf 85' lang='lat' dir='ltr'><strong>novissimo</strong></span> 
     </span>
     <span class='ocr_line' id='line_1_31' title="bbox 103 3115 1114 3201; baseline 0.002 -22"><span class='ocrx_word' id='word_1_226' title='bbox 103 3116 264 3198; x_wconf 68' lang='lat' dir='ltr'><strong>retineat]</strong></span> <span class='ocrx_word' id='word_1_227' title='bbox 290 3115 352 3180; x_wconf 90' lang='lat' dir='ltr'><strong>etsi</strong></span> <span class='ocrx_word' id='word_1_228' title='bbox 373 3117 409 3180; x_wconf 92' lang='lat' dir='ltr'><strong>in</strong></span> <span class='ocrx_word' id='word_1_229' title='bbox 432 3115 668 3181; x_wconf 90' lang='lat' dir='ltr'><strong>dubitationem</strong></span> <span class='ocrx_word' id='word_1_230' title='bbox 692 3139 712 3180; x_wconf 84' lang='lat' dir='ltr'><strong>a</strong></span> <span class='ocrx_word' id='word_1_231' title='bbox 734 3117 925 3201; x_wconf 88' lang='lat' dir='ltr'><strong>quibusdam</strong></span> <span class='ocrx_word' id='word_1_232' title='bbox 946 3115 1008 3179; x_wconf 89' lang='lat' dir='ltr'><strong>hoo</strong></span> <span class='ocrx_word' id='word_1_233' title='bbox 1028 3118 1114 3181; x_wconf 85' lang='lat' dir='ltr'><strong>male</strong></span> 
     </span>
     <span class='ocr_line' id='line_1_32' title="bbox 105 3204 1116 3289; baseline 0.002 -21"><span class='ocrx_word' id='word_1_234' title='bbox 105 3204 289 3289; x_wconf 85' lang='lat' dir='ltr'><strong>deducatur,</strong></span> <span class='ocrx_word' id='word_1_235' title='bbox 308 3205 391 3287; x_wconf 92' lang='lat' dir='ltr'><strong>quod</strong></span> <span class='ocrx_word' id='word_1_236' title='bbox 411 3227 478 3270; x_wconf 91' lang='lat' dir='ltr'><strong>non</strong></span> <span class='ocrx_word' id='word_1_237' title='bbox 495 3206 599 3289; x_wconf 89' lang='lat' dir='ltr'><strong>possit</strong></span> <span class='ocrx_word' id='word_1_238' title='bbox 616 3205 718 3270; x_wconf 86' lang='lat' dir='ltr'><strong>videri</strong></span> <span class='ocrx_word' id='word_1_239' title='bbox 736 3205 764 3270; x_wconf 89' lang='lat' dir='ltr'><strong>is</strong></span> <span class='ocrx_word' id='word_1_240' title='bbox 784 3206 838 3288; x_wconf 89' lang='lat' dir='ltr'><strong>qui</strong></span> <span class='ocrx_word' id='word_1_241' title='bbox 856 3206 903 3269; x_wconf 88' lang='lat' dir='ltr'><strong>ita</strong></span> <span class='ocrx_word' id='word_1_242' title='bbox 922 3205 1056 3289; x_wconf 80' lang='lat' dir='ltr'><strong>occepit,</strong></span> <span class='ocrx_word' id='word_1_243' title='bbox 1078 3210 1116 3270; x_wconf 92' lang='lat' dir='ltr'><strong>ut</strong></span> 
     </span>
     <span class='ocr_line' id='line_1_33' title="bbox 105 3293 1115 3378; baseline 0.004 -22"><span class='ocrx_word' id='word_1_244' title='bbox 105 3293 134 3356; x_wconf 88' lang='lat' dir='ltr'><strong>ei</strong></span> <span class='ocrx_word' id='word_1_245' title='bbox 159 3315 177 3356; x_wconf 84' lang='lat' dir='ltr'><strong>a</strong></span> <span class='ocrx_word' id='word_1_246' title='bbox 201 3315 264 3378; x_wconf 90' lang='lat' dir='ltr'><strong>quo</strong></span> <span class='ocrx_word' id='word_1_247' title='bbox 290 3295 422 3377; x_wconf 85' lang='lat' dir='ltr'><strong>accepit,</strong></span> <span class='ocrx_word' id='word_1_248' title='bbox 446 3297 534 3360; x_wconf 86' lang='lat' dir='ltr'><strong>retro</strong></span> <span class='ocrx_word' id='word_1_249' title='bbox 558 3293 670 3359; x_wconf 89' lang='lat' dir='ltr'><strong>reddat</strong></span> <span class='ocrx_word' id='word_1_250' title='bbox 694 3293 856 3376; x_wconf 84' lang='lat' dir='ltr'><strong>(solutum</strong></span> <span class='ocrx_word' id='word_1_251' title='bbox 881 3293 1064 3377; x_wconf 83' lang='lat' dir='ltr'><strong>accepisse&gt;</strong></span> <span class='ocrx_word' id='word_1_252' title='bbox 1084 3343 1115 3360; x_wconf 88' lang='lat'><strong>..</strong></span> 
     </span>
    </p>
   </div>
   <div class='ocr_carea' id='block_1_8' title="bbox 94 3422 1116 3586">
    <p class='ocr_par' dir='ltr' id='par_1_8' title="bbox 94 3422 1116 3586">
     <span class='ocr_line' id='line_1_34' title="bbox 193 3422 1116 3497; baseline 0.003 -17"><span class='ocrx_word' id='word_1_253' title='bbox 193 3422 229 3480; x_wconf 82' lang='lat' dir='ltr'><strong>cf.</strong></span> <span class='ocrx_word' id='word_1_254' title='bbox 254 3422 350 3491; x_wconf 79' lang='lat' dir='ltr'><strong>Servii</strong></span> <span class='ocrx_word' id='word_1_255' title='bbox 372 3440 516 3497; x_wconf 85' lang='lat' dir='ltr'><strong>responsa</strong></span> <span class='ocrx_word' id='word_1_256' title='bbox 540 3424 589 3482; x_wconf 85' lang='grc'><strong>99.</strong></span> <span class='ocrx_word' id='word_1_257' title='bbox 630 3422 749 3481; x_wconf 81' lang='lat' dir='ltr'><strong>Perree&#39;ce</strong></span> <span class='ocrx_word' id='word_1_258' title='bbox 772 3426 858 3482; x_wconf 82' lang='lat' dir='ltr'><strong>ettam</strong></span> <span class='ocrx_word' id='word_1_259' title='bbox 879 3423 971 3482; x_wconf 85' lang='lat' dir='ltr'><strong>verba</strong></span> <span class='ocrx_word' id='word_1_260' title='bbox 994 3423 1116 3497; x_wconf 86' lang='lat' dir='ltr'><strong>saepius</strong></span> 
     </span>
     <span class='ocr_line' id='line_1_35' title="bbox 94 3509 899 3586; baseline 0.009 -21"><span class='ocrx_word' id='word_1_261' title='bbox 94 3535 134 3546; x_wconf 83' lang='lat'><em>-</em></span> <span class='ocrx_word' id='word_1_262' title='bbox 157 3509 336 3584; x_wconf 75' lang='lat' dir='ltr'><strong>accipiendo</strong></span> <span class='ocrx_word' id='word_1_263' title='bbox 360 3531 381 3572; x_wconf 84' lang='lat' dir='ltr'><strong>e</strong></span> <span class='ocrx_word' id='word_1_264' title='bbox 401 3512 582 3573; x_wconf 78' lang='lat' dir='ltr'><strong>Triteuiuuo</strong></span> <span class='ocrx_word' id='word_1_265' title='bbox 606 3512 707 3572; x_wconf 77' lang='lat' dir='ltr'><strong>additu</strong></span> <span class='ocrx_word' id='word_1_266' title='bbox 729 3529 787 3571; x_wconf 86' lang='lat' dir='ltr'><strong>esse</strong></span> <span class='ocrx_word' id='word_1_267' title='bbox 808 3516 899 3586; x_wconf 80' lang='lat' dir='ltr'><strong>petet.</strong></span> 
     </span>
    </p>
   </div>
   <div class='ocr_carea' id='block_1_9' title="bbox 0 0 1228 3840">
    <p class='ocr_par' dir='ltr' id='par_1_9' title="bbox 0 0 1228 3840">
     <span class='ocr_line' id='line_1_36' title="bbox 0 0 1228 3840; baseline 0 0"><span class='ocrx_word' id='word_1_268' title='bbox 0 0 1228 3840; x_wconf 95' lang='lat' dir='ltr'><strong> </strong></span> 
     </span>
    </p>
   </div>
  </div>
 </body>
</html>
