2422 3840
287 158 314 210 ’1.
337 152 370 220 Q.
388 152 523 210 uucws
543 154 570 209 P.
586 155 616 211 F.
630 154 660 210 P.
676 155 710 212 N.
725 154 918 212 scabrosa
1067 160 1110 224 99

44 390 47 398 ¹
180 318 212 383 3.
233 315 273 382 D.
295 317 344 401 13,
359 316 389 397 6,
403 317 433 396 5,
448 318 477 382 3.
514 315 675 402 Ulpianus
694 319 778 384 libro
797 318 974 386 vicensimo
994 326 1109 389 octavo

94 406 130 471 ad
154 405 302 471 edietum
321 403 371 490 (P.
390 402 480 492 802).
522 403 770 472 Commodatum
792 412 899 473 autem
918 411 1108 497 plerumque

93 495 196 560 solam
230 493 406 559 utilitatem
438 495 583 560 eontinet
614 495 682 560 eius
714 496 766 560 oui
798 498 1037 584 commodatur,
1074 505 1107 566 et

92 583 162 649 ideo
195 583 305 647 verior
336 586 386 648 est
414 582 526 660 Quinti
557 582 657 649 Mucii
691 586 853 650 sententia
882 587 1107 674 existimantis,

92 676 123 737 et
145 672 278 756 eulpam
301 672 531 756 praestandam
555 677 589 738 et
611 672 814 758 diligentiam
838 679 880 760 et,
903 675 931 739 si
950 675 1035 742 forte
1054 701 1105 743 res

92 762 266 826 aestimate
293 761 370 826 data
398 761 455 845 sit,
482 782 580 826 omne
605 762 783 845 perieulum
808 765 1041 847 praestandum
1064 769 1105 833 ab

93 871 142 936 eo,
166 850 224 934 qui
248 849 508 914 aestimationem
534 872 568 914 se
590 855 832 933 praestaturum
855 853 985 937 recepit

177 939 210 1003 4.
243 935 308 1004 cio.
335 938 377 1002 ad
404 937 481 1004 iam.
511 939 543 1017 7,
566 940 618 1003 22.
648 975 693 986 -
721 939 887 1006 Inluseras
919 942 989 1006 heri
1021 943 1106 1009 inter

91 1027 245 1112 scyphos,
277 1027 363 1111 quod
391 1026 534 1092 dixeram
562 1029 815 1093 controversiam
844 1051 927 1113 esse,
953 1036 1105 1114 possetne

89 1115 182 1181 heres
217 1115 305 1199 quod
336 1115 457 1181 furtum
493 1119 590 1182 antea
620 1117 741 1182 factum
773 1122 872 1202 esset,
909 1118 987 1184 furti
1019 1127 1105 1186 reete

90 1226 197 1289 agere.
238 1205 350 1290 itaque
448 1203 481 1268 id
505 1210 604 1288 eaput
625 1206 681 1270 ubi
703 1206 783 1272 haec
807 1209 1028 1274 controversia
1047 1215 1105 1293 est,

89 1293 203 1359 notavi
232 1296 265 1358 et
292 1292 491 1377 descriptum
518 1294 578 1358 tibi
607 1295 695 1377 misi,
723 1299 759 1359 ut
783 1296 881 1361 scires
904 1296 938 1361 id
961 1299 1045 1381 quod
1068 1302 1105 1364 tu

87 1383 252 1447 neminem
275 1381 415 1447 sensisse
437 1381 577 1465 dicebas,
601 1381 671 1448 Sex.
691 1383 831 1468 Aelium,
854 1383 905 1449 Μ’.
924 1385 1106 1471 Manilium,

87 1470 129 1535 M.
150 1470 291 1537 Brutum
319 1471 468 1536 sensisse.
516 1493 576 1556 ego
599 1475 709 1537 tamen
732 1470 907 1539 Scaevolae
930 1479 963 1539 et
987 1475 1104 1541 Testae

87 1560 258 1625 assentior.

174 1649 224 1715 5⁸.
245 1647 325 1713 Gall.
343 1649 433 1731 lm,
446 1650 540 1714 1-3.
556 1684 595 1697 -
611 1648 708 1735 Legis
723 1651 841 1715 veteris
856 1651 988 1717 Atiniae
1004 1654 1102 1718 verba

86 1741 174 1803 sunt:
200 1736 300 1822 ‘quod
320 1737 513 1820 subruptum
531 1738 602 1821 erit,
620 1740 687 1804 eius
706 1739 753 1803 rei
772 1745 906 1804 aeterna
925 1742 1102 1807 auotoritas

84 1825 165 1892 esto'
295 1824 332 1901 Q.
362 1823 516 1891 Scaevola
546 1832 673 1911 patrem
707 1849 800 1891 suum
834 1831 866 1890 et
897 1828 1036 1894 Brutum
1069 1836 1102 1894 et

82 1914 256 1981 Manilium
288 1916 375 1980 viros
409 1915 556 1999 adprime
590 1915 702 1981 doctos
734 1917 898 1999 quaesisse
932 1920 979 1982 ait
1009 1918 1101 1983 dubi-

82 2009 246 2090 tasseque,
264 2006 416 2069 utrumne
434 2003 469 2069 in
487 2008 563 2087 post
580 2005 669 2070 faeta
687 2004 782 2069 modo
801 2003 889 2068 furta
908 2006 959 2070 lex
975 2006 1100 2072 valeret

83 2114 125 2159 an
160 2093 262 2158 etiam
294 2093 328 2157 in
360 2096 435 2157 ante
466 2092 568 2176 fasta,
600 2091 753 2178 quoniam
787 2092 991 2177 ‘subruptum
1025 2094 1099 2159 erit'

82 2187 257 2267 utrumque
276 2185 402 2267 tempus
422 2181 584 2248 videretur
603 2181 779 2264 ostendere,
802 2186 870 2246 tam
888 2183 1099 2265 praeteritum

81 2271 371 2440 quambbfutgmbnb’
388 2361 437 2443 16,
454 2360 526 2424 123.
574 2358 665 2424 Idem
692 2357 750 2445 (se.
772 2357 985 2443 Pomponius)
1013 2359 1098 2425 libro

80 2449 261 2515 vicensimo
280 2452 371 2513 serto
386 2448 426 2512 ad
441 2446 596 2524 Quintum
611 2448 753 2513 Mucium
770 2445 820 2534 (P.
835 2448 924 2534 296).
952 2447 1097 2514 Verbum

80 2535 169 2602 ‘erit'
193 2536 356 2602 interdum
385 2537 483 2601 etiarn
505 2539 719 2621 praeteritum
741 2558 800 2601 neo
824 2537 929 2602 solum
952 2537 1097 2604 futurum

78 2630 211 2711 tempus
231 2625 442 2691 demonstrat.

475 2763 583 2823 Liber
608 2763 704 2822 XVII.

437 2880 484 2938 De
505 2881 740 2952 repetitionibus?

171 2985 257 3057 Quod
280 2984 460 3060 posteriores
483 2985 695 3062 condictiones
717 2985 748 3042 id
766 2988 883 3045 veteres
902 2984 1095 3059 repetitiones

78 3077 321 3136 nominaverunt.
367 3074 402 3133 of.
426 3074 550 3132 Pernioe
577 3074 678 3133 Labeo
706 3073 733 3151 1,
757 3075 831 3133 420.
878 3073 913 3131 de
940 3073 1094 3148 repetitio-

78 3167 170 3226 nibus
183 3163 317 3223 Muoium
336 3162 491 3239 scripsisse
509 3163 626 3222 eertum
644 3165 699 3238 est,
718 3163 770 3221 sed
788 3181 857 3221 eum
874 3160 1094 3219 condictionum

78 3273 192 3332 genera
218 3251 409 3328 proposuisse
435 3251 555 3326 Bekker
576 3251 729 3310 Aktionen
751 3251 775 3325 Ι,
796 3253 868 3326 106,
889 3251 1005 3324 121sq.
1033 3268 1093 3307 non

78 3347 160 3404 reete
183 3343 281 3418 putat.
323 3340 360 3398 of.
379 3339 502 3399 Pernioe
525 3341 546 3400 l.
565 3360 588 3400 o.
607 3340 662 3415 ΠΙ,
678 3342 741 3397 214
761 3358 789 3398 n.
805 3343 833 3398 4.
875 3338 1002 3396 fortasse
1025 3355 1092 3398 oon-

79 3433 171 3494 dietio
198 3430 313 3490 furtiva
336 3447 426 3489 eausa
448 3430 519 3505 fuit,
547 3448 600 3488 eur
623 3430 679 3488 boe
702 3428 778 3487 libro
803 3428 839 3486 de
862 3425 1093 3502 repetitionibus

78 3522 195 3581 Mucius
218 3518 371 3579 scriberet.

856 3617 895 3675 Ἰ*
