2422 3840
396 193 421 244 5.
445 189 475 245 C.
489 186 620 244 AELIUS
639 189 777 246 GALLUS
1027 192 1093 258 249

79 375 146 438 quo
183 357 219 416 in
256 372 372 435 genero
409 358 484 418 sunt
519 353 613 417 haec:
650 354 684 417 in
721 354 831 417 aedem
867 354 977 420 Bonae
1015 357 1093 421 deae

79 442 188 506 virum
216 441 367 526 introire,
396 442 550 507 adversus
578 441 722 525 auspicia
745 443 850 527 legem
873 443 913 508 ad
936 447 1093 529 populum

79 530 181 612 ferre,
210 529 261 595 die
287 531 415 596 nefasto
444 531 529 614 apud
553 535 736 614 praetorem
764 531 834 615 lege
858 553 963 616 agere.
1007 533 1093 598 inter

80 640 212 684 sacrum
243 623 351 684 autem
379 623 413 684 et
440 623 588 685 sanctum
618 623 650 683 et
677 619 866 703 religiosum
894 621 1094 686 differentias

80 707 259 773 bellissime
281 707 395 773 refert:
425 729 551 772 ssorum
575 707 755 772 aedificium
778 714 999 774 consecratum
1024 710 1094 794 deo,

80 799 233 862 sanctum
260 819 388 862 murum
416 796 472 881 qui
499 798 542 861 sit
565 797 686 862 oiroum
709 798 877 881 oppidum,
904 799 1093 883 religiosum

80 886 279 969 sepulcrum,
314 886 371 950 ubi
407 888 555 950 mortuus
588 886 731 968 sepultus
765 891 822 951 aut
853 887 1007 952 humatus
1042 890 1093 970 sit,

80 975 164 1039 satis
192 978 340 1039 constare
369 974 428 1059 aii3
457 975 512 1039 sed
540 975 620 1038 item
648 974 772 1039 ratione
796 976 934 1059 quadam
959 980 991 1040 et
1014 980 1094 1041 tem-

78 1064 216 1148 poribus
244 1063 356 1128 eadem
383 1062 483 1128 videri
510 1085 620 1147 posse,
648 1063 676 1126 si
705 1064 834 1146 quidem
858 1065 942 1148 quod
966 1087 1092 1130 sacrum

78 1155 145 1230 est,
177 1151 265 1216 idem
292 1153 365 1236 lego
393 1157 450 1216 aui
476 1152 627 1216 instituto
660 1152 818 1216 maiorum
847 1158 995 1218 sanatum
1023 1176 1093 1218 esso

77 1244 190 1325 putat,
226 1244 264 1304 ut
298 1241 413 1306 violari
448 1240 482 1305 id
514 1240 583 1317 sino
615 1263 720 1323 poena
750 1263 817 1306 non
849 1246 962 1324 possit.
1007 1243 1091 1307 idem

77 1328 269 1414 ieligiosum
292 1350 419 1413 quoque
442 1351 522 1411 esse,
545 1329 697 1413 quoniam
721 1331 765 1394 sit
788 1331 919 1415 aliquid,
942 1332 1092 1416 quodibi

77 1418 206 1482 homini
237 1417 344 1483 facero
375 1440 443 1483 non
474 1419 584 1501 lioeat3
616 1418 701 1502 quod
734 1420 761 1482 si
793 1420 916 1502 faciat„
939 1421 1093 1485 adversus

80 1507 217 1572 deorum
239 1507 440 1571 voluntatem
463 1507 613 1572 videatur
634 1507 749 1591 facore,
772 1508 920 1573 similiter
944 1510 982 1573 de
1001 1533 1092 1574 muro

80 1599 117 1660 et
148 1595 296 1679 sepulcro
325 1596 439 1661 debere
468 1596 647 1680 observari,
674 1599 711 1660 ut
738 1598 850 1661 eadem
879 1602 911 1661 et
939 1620 1033 1663 sacra
1060 1605 1093 1663 et

80 1689 197 1749 sanata
225 1687 257 1749 ot
282 1683 437 1769 religiosa
464 1685 554 1748 fiant.
602 1683 671 1768 [sed
699 1706 762 1769 quo
791 1685 886 1751 modo
915 1709 1013 1770 supra
1041 1709 1093 1751 ex-

78 1773 227 1856 positum
251 1777 314 1857 est,
338 1796 411 1837 oum
434 1774 472 1837 de
496 1795 587 1838 sacro
611 1772 774 1856 diximus]

473 1937 705 2007 ‘Remauoipata’

172 2041 223 2105 11.
251 2038 337 2104 Fosi.
360 2041 502 2104 271-
543 2037 812 2122 Remanoipatam
840 2036 953 2103 Gallus
982 2040 1094 2103 Aelius

79 2150 153 2193 esso
184 2129 245 2211 ait,
276 2150 357 2212 quae
385 2129 567 2212 mancipata
595 2127 638 2190 sit
667 2127 707 2190 ab
737 2147 788 2210 ea,
821 2127 872 2190 aui
899 2127 932 2190 in
962 2149 1093 2192 manum

77 2217 275 2282 convenerit

535 2302 641 2356 ‘Reus’

172 2404 224 2469 12.
251 2403 337 2467 Fosi.
360 2402 435 2467 273.
464 2438 503 2448 —
534 2401 645 2466 Gallus
673 2401 784 2466 Aelius
816 2402 900 2467 libro
928 2402 962 2466 II
995 2404 1092 2486 signi·

78 2490 270 2556 ficationum
297 2491 471 2555 verborum
498 2513 580 2576 quae
608 2490 648 2554 ad
674 2490 724 2554 ius
747 2489 913 2574 pertinent
936 2493 996 2555 ait:
1023 2513 1094 2557 reus

79 2586 138 2665 est,
165 2582 221 2663 qui
247 2601 316 2656 oum
339 2581 434 2645 aiteio
457 2580 541 2644 litem
563 2584 760 2644 contestatam
782 2579 878 2662 habet,
900 2581 964 2645 siae
985 2582 1014 2645 is
1036 2583 1097 2663 epit

78 2671 145 2736 siae
175 2690 246 2734 oum
268 2690 301 2734 eo
328 2674 430 2733 actum
457 2674 508 2734 est.
553 2688 623 2732 rous
650 2669 823 2748 stipulanti
849 2671 1013 2754 ostiolum,
1040 2671 1095 2753 qui

78 2759 248 2840 stipulator
282 2759 409 2841 dicitur,
445 2758 555 2841 quippe
590 2777 645 2822 sua
681 2758 804 2820 uomiue
839 2757 878 2822 ab
914 2759 1009 2823 aiteio
1040 2761 1095 2840 pui

78 2848 248 2930 stipulatus
275 2853 330 2928 est,
355 2867 418 2911 uou
444 2848 473 2910 is
500 2846 556 2927 qui
581 2845 673 2908 attari
698 2847 906 2926 adstipulatus
928 2852 979 2914 est.
1023 2867 1094 2911 mus

73 2937 286 3018 promitteudo
316 2940 372 3017 ost,
403 2936 458 3016 pui
487 2954 543 3000 suo
575 2933 698 2998 uomiue
729 2933 819 2998 atteri
850 2937 926 3016 quii
945 2937 1095 3018 promisit

79 3027 170 3108 quiae
187 3045 248 3108 pro
270 3024 365 3089 attero
386 3025 463 3105 quid
477 3023 631 3105 promisit.

400 3238 402 3242 ,
514 3176 664 3247 ‘Ropatia’

174 3283 225 3348 13.
253 3282 338 3347 Fest.
362 3281 436 3346 266.
467 3316 505 3325 -
536 3278 650 3343 Gallus
674 3278 788 3342 Aelius
813 3278 872 3341 ait:
900 3280 980 3343 iuter
1002 3279 1094 3361 iepem

80 3378 112 3438 et
132 3373 322 3456 ropatiouem
344 3370 399 3434 hoa
420 3371 559 3434 tumea:
582 3366 699 3449 uopatio
722 3372 766 3431 est
783 3387 880 3449 pomus
903 3368 992 3449 lepis·
1016 3389 1094 3449 puae

81 3463 147 3541 iou,
174 3482 238 3526 uou
264 3461 408 3526 ooutiuuo
435 3480 471 3523 oa
497 3458 615 3538 topatio
638 3460 689 3521 asi.
730 3453 892 3539 <ropati0>
914 3477 977 3522 uou
994 3462 1097 3540 potest

80 3572 147 3616 uou
169 3571 231 3615 esse
252 3551 312 3633 iau,
334 3549 366 3613 si
386 3549 475 3614 mado
497 3547 589 3613 iustis
612 3545 747 3614 comitiis
768 3550 885 3631 sopato
906 3551 964 3611 ost.
