2422 3840
432 185 456 234 2.
479 177 598 233 AULUS
618 176 758 233 curules
1035 175 1100 240 349

91 365 149 407 suo
179 341 290 425 generi
319 340 626 405 adnumerabimus‘l
738 339 823 403 idem
853 343 885 403 et
913 339 951 403 de
980 341 1100 404 nucleis

91 432 259 513 olivarum,
283 431 337 493 sed
361 433 393 493 et
417 429 456 493 de
478 429 606 493 balanis
631 432 681 492 est
703 428 754 492 vel
778 427 806 491 si
830 429 884 511 qui
909 427 965 492 alii
986 429 1100 493 nuclei.

183 522 222 584 1⁰.
255 517 294 582 D.
309 519 360 601 32,
376 517 427 601 55,
445 521 472 600 1,
485 519 516 581 4.
557 516 717 601 Ulpianus
736 516 813 582 ibid.
855 514 889 580 Si
912 517 1036 601 lignum
1058 519 1101 582 sit
1139 596 1141 601 Α

91 611 241 691 paratum
260 609 300 672 ad
320 606 474 672 carbones
494 605 676 690 coquendas
696 609 791 690 atque
811 605 1034 689 conficiendas,
1056 607 1102 670 ait

92 696 208 761 Ofilius
228 697 312 761 libro
332 696 445 780 quinto
464 695 543 758 iuris
562 695 675 780 partiti
692 694 869 759 carbonum
884 695 1100 778 appellatione

91 785 273 850 huiusmodi
297 785 466 849 materiam
489 805 555 847 non
579 784 745 848 contineri.

180 875 210 938 2.
243 872 282 938 D.
306 877 326 954 ἓ
347 875 374 938 7.
422 871 580 956 Ulpianus
606 872 683 936 ibid.
734 871 851 936 Ofilius
876 872 960 936 libro
988 872 1099 956 quinto

91 963 170 1027 iuris
197 963 313 1046 partiti
340 961 470 1045 scripsit
496 983 554 1026 nec
583 964 747 1026 sarmenta
774 961 856 1045 ligni
882 961 1100 1044 appellatione

90 1051 256 1116 contineri.

345 1215 382 1274 V.
416 1215 607 1275 Actionum
634 1214 722 1272 libri
745 1214 842 1273 XVI...

178 1340 340 1400 Actionum
367 1339 438 1398 libri
466 1340 598 1399 citantur
625 1340 662 1398 ab
685 1339 814 1415 Ulpiano
842 1339 927 1398 libris
953 1339 990 1399 ad
1015 1338 1099 1399 Sabi·

90 1448 162 1486 num
181 1423 231 1508 (D.
253 1431 303 1507 33,
324 1432 352 1506 9,
372 1430 401 1504 3,
422 1431 439 1488 5
465 1423 583 1488 ‘Ofilius
606 1428 683 1488 libro
707 1427 791 1487 sexto
815 1427 929 1488 decimo
948 1428 1099 1488 actionum

91 1513 216 1577 scribit'.
235 1518 274 1577 ib.
283 1516 330 1592 §8
343 1512 461 1577 ‘Ofilius
476 1517 579 1576 scribit
593 1516 670 1577 libro
685 1521 768 1576 sexto
783 1517 897 1576 decimo
912 1511 1099 1598 actionum').

91 1610 159 1664 ante
176 1604 298 1665 Ofilium
317 1606 450 1665 eiusdem
469 1607 639 1680 argumenti
656 1605 750 1665 libros
769 1607 896 1664 fortasse
916 1607 1099 1682 scripserunt

89 1695 137 1754 M'.
157 1695 297 1754 Manilius
321 1686 426 1776 (supra
449 1715 477 1770 p.
493 1687 604 1774 26sq.)
633 1697 663 1754 et
686 1693 836 1753 Hostilius
859 1686 966 1775 (supra
988 1716 1016 1770 p.
1031 1691 1097 1776 41),

89 1787 158 1859 post
182 1782 303 1843 Ofilium
331 1785 409 1842 certe
433 1782 599 1842 Venuleius
624 1782 804 1842 Saturninus
828 1775 875 1862 (P.
892 1776 1000 1865 1-6).
1046 1786 1099 1862 qui

91 1873 179 1930 huius
206 1873 303 1947 operis
327 1872 497 1948 fragmenta
520 1870 669 1947 inspiciet,
696 1870 876 1930 Venuleium
899 1890 958 1931 non
982 1873 1017 1931 de
1042 1875 1098 1933 for-

90 1961 188 2036 mulis,
207 1962 259 2019 sed
278 1960 314 2020 de
332 1959 536 2019 contractibus
551 1964 581 2018 et
594 1960 783 2019 testamentis
798 1961 904 2038 egisse,
924 1963 954 2019 et
969 1963 1098 2022 secundo

89 2048 209 2105 demum
228 2050 293 2108 loco
312 2049 386 2107 iuris
403 2048 508 2123 civilis,
527 2049 624 2124 primo
638 2067 708 2108 vero
722 2048 796 2107 iuris
812 2049 963 2108 honorarii
976 2051 1098 2128 negotia

90 2136 252 2212 explicasse
281 2137 405 2197 videbit.
451 2135 531 2196 Ofilii
557 2137 703 2197 librorum
725 2136 856 2196 indolem
879 2136 1003 2196 definire
1030 2139 1097 2198 ideo

89 2225 140 2284 vix
162 2226 247 2304 lieet,
275 2226 354 2304 quod
382 2245 476 2284 unum
499 2229 618 2284 tantum
641 2227 844 2303 fragmentum
867 2245 903 2284 ex
925 2226 1002 2287 libro
1026 2228 1098 2287 XVI

90 2314 281 2390 desumptum
314 2316 451 2374 affertur:
482 2314 513 2372 id
542 2333 614 2375 vero
644 2313 837 2373 manifestum
867 2317 924 2389 est,
957 2315 989 2374 in
1016 2313 1098 2376 Ofilii

91 2422 184 2479 aeque
208 2406 297 2481 atque
321 2405 352 2461 in
376 2403 530 2462 Saturnini
552 2404 637 2464 libris
659 2404 761 2480 legato
783 2405 914 2462 tractata
937 2422 1009 2464 esse.
1046 2407 1096 2483 qui

88 2511 160 2570 ergo
184 2493 243 2551 iam
263 2492 399 2553 Servium
417 2491 582 2568 Sulpicium
605 2493 753 2568 praetoris
778 2493 909 2551 edictum
933 2494 1096 2570 explicasse

90 2582 330 2656 consideraverit,
354 2580 476 2641 Ofilium
498 2581 662 2658 principem
682 2581 776 2641 Servii
800 2581 980 2657 discipulum
998 2583 1030 2641 in
1049 2603 1096 2643 ac·

88 2670 220 2730 tionibus
244 2670 425 2746 explicandis
448 2688 507 2729 non
530 2671 618 2729 modo
642 2670 786 2748 civilium,
814 2671 866 2729 sed
889 2670 981 2730 etiam
1004 2674 1096 2731 hono-

88 2759 236 2818 rariorum
264 2760 415 2818 actionum
442 2759 588 2818 rationem
616 2759 756 2818 habuisse
783 2759 847 2820 veri
870 2759 1015 2819 dissimile
1037 2780 1097 2820 non

41 2870 43 2873 ·
88 2848 216 2922 putabit.
267 2849 368 2924 itaque
401 2865 470 2906 cum
498 2845 603 2907 Ofilius
632 2850 763 2907 extremo
792 2848 912 2906 demum
945 2868 1033 2925 opere
1060 2851 1095 2908 de

89 2936 197 3011 legatis
218 2937 320 3012 egerit,
343 2937 378 2994 de
397 2936 564 2994 honorariis
582 2936 711 3014 negotiis
730 2936 868 2996 similiter
886 2941 976 3013 atque
998 2938 1095 2996 Venu-

87 3025 164 3083 leius
187 3026 336 3100 prioribus
359 3023 444 3082 libris
468 3024 621 3100 scripsisse
644 3025 796 3100 putandus
819 3028 874 3086 est.

488 3218 595 3277 Liber
617 3219 695 3277 XVI.

384 3317 385 3322 ἵ
468 3335 601 3404 Depone
619 3336 715 3404 leputa.

180 3447 206 3507 1.
230 3443 268 3507 Ι).
280 3444 331 3527 33,
339 3445 369 3525 9,
381 3445 409 3528 3,
420 3445 449 3510 8.
477 3441 637 3527 Ulpianus
657 3444 740 3508 libro
759 3442 934 3509 vicensimo
954 3445 1099 3509 secundo

88 3532 128 3596 ad
161 3530 316 3596 Sabinum
345 3530 392 3620 (P.
413 3530 502 3622 264).
556 3531 634 3602 Siue
666 3536 784 3600 autem
809 3531 1032 3596 insumentum
1053 3527 1132 3584 s'xxs
