2422 3840
102 170 165 234 126
202 170 249 226 vu
272 154 834 227 ocrsvrsrso.1ua1soousuns.
854 170 979 227 scarus
999 172 1117 228 emur

100 339 208 399 ratum
231 356 296 399 non
318 333 426 417 fuisse,
449 355 530 418 opus
554 336 652 399 etiam
671 334 853 399 censorium
871 334 987 400 fecisse
1008 336 1116 401 existi·

101 429 215 510 matos,
237 444 296 507 per
319 445 401 508 quos
426 444 463 488 eo
487 428 632 507 tempore
655 424 971 488 senatusconsultum
990 423 1114 490 factum

100 517 194 576 esset.

187 600 269 665 lbid.
288 601 316 665 9.
339 603 389 666 10.
419 639 459 647 -
489 599 592 665 Docet
614 601 727 665 deinde
750 601 831 665 inibi
850 603 967 684 multa,
996 602 1113 685 quibus

100 690 212 754 diebus
249 691 368 754 habere
405 693 553 754 senatum
589 690 638 754 ius
679 711 744 755 non
781 690 838 774 sit,
879 691 1113 776 immolareque

99 778 242 843 hostiam
251 780 341 863 prius
352 780 575 863 auspicarique
586 779 709 860 debere,
719 779 774 863 qui
784 781 930 843 senatum
941 779 1113 844 habiturus

100 875 197 951 esset,
230 869 269 932 de
301 870 459 951 rebusque
492 867 609 932 divinis
641 868 730 951 prius
763 890 859 952 quam
890 868 1045 933 humanis
1074 868 1112 932 ad

100 962 246 1022 senatum
273 956 475 1021 referendum
503 978 586 1040 esse,
612 960 683 1020 tum
704 978 800 1038 porro
824 956 938 1021 referri
962 960 1113 1042 oportere

101 1051 157 1110 aut
178 1046 305 1111 infinite
329 1046 367 1109 de
390 1046 562 1129 republica,
586 1050 642 1110 aut
665 1046 704 1109 de
727 1045 864 1131 singulis
889 1047 986 1111 rebus
1005 1045 1112 1130 finite,

100 1140 295 1218 senatusque
332 1135 513 1199 consultum
549 1134 619 1198 fieri
651 1135 776 1199 duobus
809 1133 927 1210 modis:
965 1139 1023 1199 aut
1053 1157 1112 1219 per

100 1223 337 1305 discessionem,
360 1223 388 1288 si
412 1223 656 1306 consentiretur,
679 1227 744 1306 aut,
768 1223 796 1288 si
819 1245 869 1288 res
892 1223 991 1288 dubia
1019 1227 1112 1310 esset,

99 1334 158 1396 per
185 1312 387 1397 singulorum
415 1312 591 1376 sententias
615 1312 805 1396 exquisitas3
834 1313 979 1397 singulos
1004 1316 1111 1376 autem

99 1401 216 1466 debere
231 1401 370 1483 ,consuli
397 1401 557 1486 gradatim
571 1401 744 1485 incipique
772 1424 791 1466 a
813 1402 976 1467 consulari
1000 1402 1110 1486 gradu.

100 1511 139 1553 ex
171 1511 234 1574 quo
267 1490 369 1575 gradu
401 1511 526 1574 semper
554 1490 682 1574 quidem
711 1494 807 1554 antea
834 1490 974 1574 primum
1002 1491 1112 1575 rogari

100 1580 244 1659 solitum,
277 1584 331 1663 qui
360 1581 509 1662 princeps
536 1580 572 1642 in
600 1582 747 1643 senatum
774 1580 877 1644 lectus
905 1581 1006 1662 esset3
1040 1584 1110 1643 tum

100 1671 222 1752 autem,
245 1689 317 1732 cum
340 1668 420 1733 haec
443 1668 609 1752 scriberet,
632 1690 753 1733 novum
777 1689 900 1732 morem
923 1667 1018 1732 instit
1042 1671 1110 1732 tum

98 1756 198 1821 refert
220 1779 277 1841 per
301 1757 511 1822 ambitionem
535 1758 746 1842 gratiamque,
770 1760 807 1820 ut
824 1757 852 1820 is
871 1756 994 1840 primus
1014 1778 1110 1842 roga-

98 1849 199 1930 retur,
222 1867 317 1930 quem
340 1867 455 1931 rogare
478 1846 591 1930 vellet,
612 1845 668 1929 qui
690 1845 825 1910 haberet
849 1850 1011 1928 senatum,
1035 1846 1109 1910 dum

97 1935 126 1998 is
153 1938 263 1999 tamen
291 1957 329 1999 ex
357 1936 459 2020 gradu
486 1936 647 2000 consulari
676 1937 769 1999 esset
814 1937 943 2018 praeter
967 1934 1049 1998 haec
1073 1935 1110 1998 de

99 2025 233 2109 pignore
258 2046 384 2108 quoquc
407 2023 563 2108 capiendo
585 2023 714 2087 disserit
732 2022 834 2106 deque
853 2023 956 2086 multa
975 2022 1110 2087 dicenda

99 2114 254 2195 senatori,
289 2114 344 2197 qui
378 2134 449 2177 cum
480 2118 512 2176 in
547 2116 695 2176 senatum
727 2112 836 2176 venire
868 2111 1013 2195 deberet,
1045 2133 1110 2176 non

99 2203 234 2268 adesset.

185 2304 261 2363 Ibid.
283 2306 332 2363 11.
355 2334 392 2344 -
413 2303 495 2362 Haec
514 2306 545 2362 et
563 2303 624 2361 alia
643 2303 792 2380 quaedam
809 2303 840 2361 id
859 2321 954 2381 genus
974 2303 1005 2361 in
1024 2303 1109 2379 libro,

97 2413 155 2470 quo
184 2412 275 2468 supra
303 2391 376 2468 dixi,
404 2391 443 2451 M.
467 2391 563 2452 Varro
588 2393 721 2468 epistula
744 2393 782 2451 ad
804 2390 975 2469 Oppianum
999 2393 1110 2469 scripta

98 2484 255 2540 exsecutus
278 2483 332 2540 est.

336 2621 373 2682 V.
396 2622 445 2681 De
469 2623 547 2682 iure
571 2625 676 2684 civili
698 2623 786 2682 libri
809 2623 872 2681 XV.

186 2737 322 2797 Titulum
358 2739 457 2813 operis
494 2739 649 2817 catalogus
685 2738 862 2814 Hieronymi
899 2739 1034 2813 exhibet,
1073 2737 1109 2797 cf.

96 2828 213 2886 Ritsohl
240 2828 287 2886 dis
312 2826 559 2887 Schriftstellerei
582 2829 633 2887 des
656 2826 768 2886 Varro:
798 2827 902 2886 Rhein.
923 2825 1001 2886 Mus·
1020 2827 1058 2886 N.
1077 2826 1109 2884 F.

96 2917 149 2992 VI,
163 2919 241 2992 4853
261 2903 359 2991 opusc.
374 2916 428 2993 HI,
443 2918 517 2976 444.
547 2918 639 2976 ceteri
657 2918 794 2975 auctores
812 2915 888 2974 nihil
906 2915 943 2974 de
961 2916 1009 2974 his
1024 2915 1108 2975 libris

95 3007 238 3066 referunt.
276 3006 312 3065 cf.
327 3004 417 3064 Sanio
430 3005 620 3065 Varroniana
639 2997 755 3086 (1867)
774 3026 803 3081 p.
818 3007 892 3064 209.
928 3005 1010 3080 quod
1028 3003 1107 3063 idem

94 3096 142 3156 vir
160 3096 265 3156 doetus
284 3115 312 3171 p.
329 3096 392 3154 134
412 3095 468 3154 ait:
492 3095 545 3169 „ln
564 3095 676 3153 diesem
686 3094 779 3152 Werk
798 3141 804 3152 .
820 3137 826 3150 .
842 3139 849 3151 .
868 3094 948 3152 mule
967 3086 1041 3175 (wie
1060 3093 1108 3152 bei

96 3185 198 3245 Cicero
222 3185 257 3244 de
280 3184 346 3242 iure
370 3184 453 3246 civili
471 3229 477 3242 .
494 3176 515 3262 .)
539 3184 678 3242 manches
702 3183 1017 3241 Litterarhistorische
1043 3201 1109 3242 vor-

94 3276 270 3353 gekommen
292 3272 364 3352 sein,
386 3272 615 3349 hauptsdchlich
636 3271 708 3330 aber
726 3271 841 3330 scheint
859 3290 891 3330 es
909 3272 967 3330 den
986 3273 1101 3331 alteron

94 3363 334 3441 gleichnamigsn
358 3362 506 3422 Schriften
534 3362 705 3438 gegenliber
729 3361 793 3419 eine
817 3360 996 3438 allgemeine
1017 3362 1113 3438 juris·

94 3454 188 3512 tische
217 3451 422 3527 Propadeutik
529 3450 679 3509 beawcckt
708 3470 744 3507 zu
771 3447 901 3525 haben“,
934 3450 965 3508 in
993 3449 1108 3510 incerto

91 3541 286 3615 μαΙίιιᾳιιίιιιη
309 3541 388 3615 quod
414 3558 484 3600 vero
507 3559 536 3616 p.
557 3541 620 3598 212
646 3538 740 3615 addit,
762 3540 847 3616 „dass
871 3557 902 3596 er
924 3531 1055 3621 (Varro)
1078 3539 1109 3598 in
