2422 3840
307 211 334 261 8.
360 205 514 263 SERVIUS
533 206 717 263 SULPICIUS
736 208 854 262 RUFUS
1022 208 1084 273 149

26 342 28 421 s
100 373 238 449 explanare
262 373 500 451 interpretando,
525 375 666 453 ambigua
688 377 819 451 primum
843 376 957 453 videre,
981 377 1088 437 deinde

97 460 275 541 distinguere,
297 466 450 541 postremo
472 463 583 523 habere
605 465 755 542 regulam,
778 484 840 541 qua
862 483 934 525 vera
957 468 987 523 et
1011 467 1089 525 falsa

94 549 286 611 iudicarentur
306 555 338 611 et
360 571 450 630 quae,
473 553 583 629 quibus
606 554 725 629 positis,
750 557 850 612 essent
874 572 1009 631 quaeque
1027 574 1088 613 non

93 642 180 699 essent
196 641 417 716 consequentia.
456 641 503 700 hic
522 642 601 700 enim
620 642 727 701 attulit
745 643 821 700 hanc
840 646 935 701 artem
954 643 1088 701 omnium

91 728 190 787 artium
208 730 370 789 maximam
393 730 480 808 quasi
498 730 596 788 lucem
614 731 653 788 ad
672 748 708 789 ea
730 750 806 806 quae
825 731 945 790 confuse
965 731 1003 789 ab
1019 731 1088 790 aliis

88 821 133 875 aut
167 817 428 893 respondebantur
465 821 519 878 aut
554 819 731 895 agebantur.
787 819 982 878 Dialecticam
1013 819 1087 878 mihi

86 904 190 966 videris
213 907 325 983 dicere,
347 906 454 983 inquit.
500 907 605 985 Recte,
628 908 762 984 inquam,
786 907 940 985 intelligis,
964 908 1016 967 sed
1039 909 1089 967 ad·

83 993 179 1054 iunxit
210 995 302 1054 etiam
333 999 365 1055 et
396 996 568 1055 litterarum
599 997 754 1055 scientiam
784 1000 814 1056 et
842 997 1001 1071 eloquendi
1029 998 1087 1055 ele-

81 1084 224 1160 gantiam,
248 1101 326 1160 qnae
349 1103 385 1144 ex
407 1084 526 1160 scriptis
545 1084 608 1144 eius
631 1105 757 1160 quorum
780 1085 889 1145 similia
906 1086 992 1144 nulla
1011 1088 1089 1161 sunt,

79 1172 222 1232 facillime
255 1173 385 1248 perspici
416 1176 518 1249 potest
643 1174 759 1252 itaque,
792 1178 827 1233 ut
858 1172 984 1233 Crassus
1015 1175 1090 1232 mibi

79 1261 200 1321 videtur
227 1261 392 1338 sapientius
419 1262 525 1321 fecisse
549 1280 638 1339 quam
663 1262 817 1340 Scaevola,
847 1309 875 1322 ..
900 1264 941 1322 sic
965 1259 1089 1323 Servius

77 1349 300 1426 sapientissime
323 1393 352 1409 ..
368 1343 388 1410 .'

161 1436 273 1517 ‚servio
296 1442 415 1499 mortno
440 1438 542 1499 Cicero
565 1440 596 1497 in
619 1440 785 1515 Philippica
810 1459 889 1500 nona
912 1459 1011 1501 mense
1034 1440 1089 1499 Fe·

75 1526 201 1587 bruario
229 1546 255 1586 a
281 1522 406 1607 711s43
435 1527 541 1587 habita
567 1529 639 1587 baec
669 1529 752 1588 dixit.
799 1524 941 1607 ‘Vellem,
969 1530 1010 1589 dii
1036 1530 1090 1587 im·

76 1615 223 1676 mortales
247 1616 399 1690 fecissent,
427 1619 529 1692 patres
553 1618 726 1694 conscripti,
753 1622 789 1677 ut
812 1618 880 1679 vivo
903 1620 1004 1694 potius
1028 1618 1089 1678 Ser.

76 1703 213 1780 Sulpicio
235 1705 351 1780 gratias
374 1724 531 1783 ageremus
560 1725 648 1783 quam
672 1707 799 1766 honores
825 1710 944 1766 mortuo
968 1726 1090 1783 quaere-

76 1810 147 1853 mus
246 1796 333 1853 ut..
358 1793 429 1870 alia,
458 1794 501 1852 sic
524 1795 593 1871 hoc,
621 1793 652 1853 (l.
676 1795 788 1868 Pansa,
815 1796 980 1870 praeclare,
1010 1796 1090 1872 quod

77 1900 133 1940 nos
157 1880 197 1941 ed
218 1882 426 1941 honorandum
446 1882 508 1942 Ser.
524 1880 690 1958 Sulpicium
714 1883 887 1942 cohortatus
908 1903 947 1958 es,
972 1888 1002 1942 et
1024 1884 1089 1958 ipse

76 1970 177 2029 multa
200 1970 320 2046 copiose
344 1971 379 2030 de
402 1971 484 2030 illius
507 1971 597 2030 laude
621 1971 731 2030 dixisti.
773 1973 882 2048 quibus
906 1989 924 2029 a
947 1975 977 2029 te
1001 1972 1089 2030 dictis

76 2058 156 2118 nihil
178 2063 299 2134 praeter
322 2059 500 2120 sententiam
524 2060 660 2133 dicerem,
684 2061 742 2119 nisi
761 2060 793 2117 P.
818 2059 944 2119 Servilio
968 2077 1090 2134 respon-

78 2147 211 2207 dendum
234 2149 385 2224 putarem,
412 2149 464 2224 qui
487 2150 567 2207 hunc
589 2150 733 2209 honorem
756 2150 876 2207 statuae
899 2147 1012 2207 nemini
1035 2148 1089 2206 tri·

78 2235 233 2296 buendum
252 2237 376 2314 censuit,
398 2237 457 2296 nisi
476 2236 505 2296 ei
523 2237 575 2314 qui
593 2238 673 2297 ferro
693 2242 772 2296 esset
790 2238 821 2295 in
835 2237 985 2314 legatione
999 2236 1090 2295 inter·

79 2325 188 2385 fectus.
212 2342 268 2402 ego
282 2328 394 2403 autem,
407 2334 509 2402 patres
523 2327 694 2402 conscripti,
709 2327 751 2384 sic
766 2326 949 2402 interpretor
963 2325 1089 2385 sensisse
1158 2357 1161 2361 ·

79 2413 210 2473 maiores
232 2414 361 2488 nostros,
384 2419 419 2473 ut
441 2432 564 2473 causam
586 2415 692 2474 mortis
716 2416 893 2491 censuerint,
916 2434 975 2474 non
995 2433 1090 2492 genus

79 2519 144 2562 esse
166 2501 370 2577 quaerendum
470 2503 537 2580 quis
561 2502 694 2580 dubitat,
721 2504 794 2581 quin
817 2504 845 2562 ei
867 2505 961 2564 vitam
985 2504 1089 2564 abstu-

78 2591 149 2651 lerit
171 2592 240 2666 ipsa
261 2589 394 2667 legatio?
503 2610 620 2666 semper
642 2592 724 2651 illius
747 2593 930 2670 gravitatem
952 2596 1089 2653 constan-

77 2679 153 2738 tiam
174 2677 265 2737 fidem
283 2682 486 2755 praestantem
505 2681 537 2737 in
555 2698 587 2738 re
605 2678 737 2756 publica‘
746 2682 858 2740 tuenda
875 2700 978 2741 curam
997 2686 1087 2756 atque

78 2766 274 2844 prudentiam
292 2768 423 2827 omnium
442 2769 616 2827 mortalium
636 2771 715 2828 fama
734 2770 905 2830 celebrabit.
945 2789 997 2830 nec
1017 2789 1087 2830 vero

78 2856 220 2916 silebitur
256 2856 441 2915 admirabilis
472 2856 619 2933 quaedam
652 2863 682 2917 et
714 2859 897 2918 incredibilis
929 2878 963 2918 ac
994 2877 1088 2934 paene

80 2945 184 3006 divina
207 2944 272 3004 eius
295 2945 325 3004 in
348 2945 467 3021 legibus
489 2946 721 3022 interpretandis
742 2949 895 3025 aequitate
914 2947 1090 3023 explicanda

79 3034 215 3093 scientia.
248 3052 349 3093 omnes
367 3034 399 3093 in
418 3034 498 3092 omni
517 3037 625 3112 aetate,
644 3036 696 3110 qui
714 3036 744 3093 in
763 3037 819 3095 hac
838 3037 960 3094 civitate
978 3035 1089 3092 intelli-

79 3123 214 3201 gentiam
229 3122 304 3181 iuris
317 3122 496 3199 habuerunt,
511 3123 536 3181 si
551 3142 645 3181 unum
659 3124 797 3183 inlocum
808 3125 1008 3197 conferantur,
1023 3140 1091 3180 cum

79 3213 142 3270 Ser.
153 3210 288 3286 Sulpicio
301 3230 359 3270 non
375 3211 436 3270 sint
450 3213 649 3287 comparandi.
677 3231 731 3271 nec
746 3213 824 3270 enim
838 3212 889 3269 ille
904 3209 1000 3286 magis
1016 3210 1090 3267 iuris

79 3301 246 3375 consultus,
265 3317 354 3375 qnam
373 3300 509 3358 iustitiae
528 3301 595 3359 fuit.
626 3301 671 3359 ita
686 3319 811 3374 eaquae
826 3298 1090 3374 proficiscebantur

80 3389 241 3467 alegibus
270 3390 301 3446 et
322 3406 341 3445 a
363 3388 427 3447 iure
451 3388 545 3463 ciuili,
578 3407 694 3464 semper
721 3389 759 3447 ad
786 3385 963 3463 facilitatem
989 3386 1090 3463 aequi·

79 3480 235 3554 tatemque
258 3476 417 3555 referebat,
440 3496 537 3552 neque
554 3476 712 3536 instituere
731 3477 831 3535 litium
850 3476 982 3535 actiones
1000 3476 1091 3534 male-

80 3568 134 3626 bat
157 3584 247 3641 quam
271 3565 485 3626 controversias
509 3565 627 3631 tollere.
674 3588 748 3652 ergo
768 3568 833 3631 boc
856 3569 983 3630 statuae
1005 3583 1116 3624 menu-
1147 3577 1150 3582 ·
1202 3652 1206 3701 Ι
