2422 3840
100 178 163 243 198
201 179 247 233 VI.
270 178 403 234 OCTAVI
422 178 520 234 SAEO.
539 178 636 234 IURIS
656 177 831 234 CONSULT.
847 177 976 234 emulus
993 178 1108 235 PRIMA

99 343 176 427 quin
196 343 223 406 si
242 341 403 425 defecerit,
428 342 527 411 durat
540 342 629 425 prior
649 341 816 427 obligatio.
858 341 913 406 sed
932 341 1104 426 videamus,

97 453 175 494 num
198 432 226 495 is
250 430 305 514 qui
328 452 366 495 eo
389 431 520 496 nomine
544 434 630 514 agat,
653 430 720 495 doli
744 430 822 494 mali
847 434 905 505 aut
926 431 1015 514 pacti
1035 453 1102 496 con·

97 520 185 584 venti
209 521 396 604 exceptione
419 519 524 604 possit
547 518 751 602 summoveri,
774 519 850 603 quia
871 517 1002 584 videtur
1023 520 1101 585 inter

98 629 152 672 eos
176 608 208 671 id
233 613 354 694 actum,
382 614 418 671 ut
440 609 487 673 ita
515 631 553 672 ea
575 629 627 672 res
656 612 831 692 peteretur,
860 607 887 672 si
915 609 1098 692 posterioris

97 696 317 781 stipulationis
345 698 505 762 exstiterit
532 696 687 762 condicio.
711 693 865 760 -Servius
890 745 919 760 ..
945 695 1096 780 Sulpicius

98 786 304 868 existimavit,
328 785 440 850 statim
464 790 496 849 et
518 786 678 870 pendente
697 784 885 850 condicione
904 787 1095 851 novationem

97 874 182 957 fieri,
216 878 249 938 et
280 875 308 938 si
336 874 486 938 defecerit
519 874 678 956 condicio,
711 895 749 938 ex
775 877 892 938 neutra
924 895 1022 940 causa
1051 875 1094 959 agi

95 984 192 1045 posse
215 963 292 1047 <et>
315 984 352 1027 eo
377 961 472 1027 modo
496 985 565 1026 rem
588 963 700 1046 perire.
742 961 798 1046 qui
821 967 1053 1048 consequenter
1069 967 1093 1026 et

95 1050 176 1115 illud
207 1051 388 1136 respondit,
421 1051 449 1115 si
481 1053 552 1135 quis
584 1053 616 1116 id
649 1049 735 1136 quod
767 1050 829 1115 sibi
856 1050 976 1116 Lucius
1003 1051 1091 1116 Titius
1129 1110 1132 1127 ,

96 1140 239 1223 deberet,
263 1162 282 1204 a
305 1161 397 1205 servo
421 1139 519 1204 fuerit
543 1139 732 1224 stipulatus,
754 1139 958 1204 novationem
982 1142 1048 1205 fieri
1067 1143 1091 1204 et
1130 1144 1132 1229 ξ

95 1250 164 1292 rem
186 1230 304 1313 perire,
327 1229 403 1312 quia
426 1250 500 1294 oum
524 1250 616 1293 servo
640 1228 694 1313 agi
712 1249 778 1293 non
800 1231 921 1311 posset.

183 1341 228 1399 De
250 1360 283 1399 re
307 1340 344 1399 cf.
363 1339 503 1400 Karlowa
520 1340 560 1418 II,
580 1342 653 1401 742.
1129 1344 1132 1515 p

485 1501 532 1559 Dc
556 1501 714 1560 solutione?
1129 1520 1132 1589 p

183 1609 235 1674 99.
267 1609 307 1674 D.
325 1609 383 1695 46,
402 1610 436 1691 3,
456 1610 508 1675 67.
547 1608 719 1675 Marcellus
747 1610 832 1675 libro
859 1609 1088 1676 tertiodecimo

94 1696 304 1782 Digestorum
324 1694 373 1785 (P.
390 1698 478 1784 157).
511 1697 545 1763 Si
564 1698 635 1783 quis
656 1698 737 1763 duos
755 1697 905 1764 homines
921 1695 1091 1782 promiserit

96 1790 128 1850 et
152 1785 298 1851 Stichum
322 1787 465 1869 solverit,
489 1789 609 1870 poterit
633 1787 775 1851 eiusdem
801 1783 905 1854 Stichi
928 1787 1090 1852 dominium

94 1880 209 1958 postea
241 1880 431 1940 consecutus
459 1873 593 1959 <rursus
622 1875 718 1961 eum>
747 1876 851 1941 dando
878 1877 1019 1941 liberari.
1065 1873 1092 1937 in

94 1965 235 2028 nummis
259 1966 365 2030 minor
388 1966 438 2028 vel
461 1986 562 2050 prope
585 1964 677 2029 nulla
700 1963 859 2029 dubitatio
883 1970 947 2030 est:
975 1986 1049 2029 nam
1068 1963 1092 2026 ct
1116 2001 1118 2005 -

94 2053 180 2136 apud
199 2053 353 2119 Alfenum
372 2051 504 2118 Servius
528 2075 610 2136 eum,
634 2054 688 2137 qui
712 2055 819 2118 minus
844 2076 863 2116 a
883 2053 1028 2118 debitore
1046 2071 1093 2117 suo

95 2143 237 2225 accipere
257 2148 289 2206 et
303 2142 442 2207 liberare
461 2163 532 2206 eum
553 2143 659 2226 vellet,
677 2140 844 2226 respondit
862 2163 960 2226 posse
979 2142 1094 2226 saepius

95 2229 219 2315 aliquot
244 2252 393 2295 nummos
423 2230 607 2314 accipiendo
641 2231 682 2295 ab
711 2251 748 2295 eo
772 2231 864 2315 eique
887 2236 976 2295 retro
1000 2229 1094 2295 dando

95 2340 132 2382 ac
150 2339 260 2384 rursus
280 2318 464 2402 accipiendo
483 2320 516 2382 id
534 2317 687 2401 efficerem
706 2319 814 2404 veluti,
833 2319 862 2383 si
876 2322 1005 2384 centum
1019 2317 1097 2384 debi-

93 2410 199 2472 torem
223 2407 331 2471 decem
355 2407 495 2491 acceptis
517 2407 655 2472 liberare
678 2407 816 2472 creditor
839 2407 931 2490 velit,
959 2413 1009 2491 ut,
1032 2427 1097 2474 cum

94 2494 203 2558 decem
227 2497 396 2579 acceperit,
426 2497 536 2560 eadem
564 2518 602 2561 eo
625 2499 712 2561 retro
740 2495 868 2581 reddat,
893 2517 970 2562 mox
998 2495 1040 2561 ab
1067 2515 1097 2559 eo

94 2582 233 2666 accipiat
257 2606 294 2648 ac
316 2584 490 2649 novissime
516 2585 677 2667 retineat].

182 2694 276 2754 Lenel
303 2686 350 2773 (P.
373 2689 450 2776 157)
478 2695 515 2755 de
541 2697 642 2773 legato
669 2714 724 2773 per
750 2694 974 2755 damnationem
1000 2697 1099 2756 relicto

94 2801 259 2843 sermonem
283 2802 347 2843 esse
371 2785 523 2844 subtiliter
545 2784 662 2844 conicit.
844 2789 845 2793 ’
1120 2789 1122 2795 “

452 2945 499 3003 De
524 2945 743 3018 umbratione.

456 3051 501 3106 Dc
517 3051 606 3118 fiendo
623 3052 739 3106 vendito.

186 3151 271 3215 100?
303 3149 341 3215 D.
362 3152 413 3234 21,
432 3151 463 3234 2,
480 3149 532 3216 45.
578 3150 667 3214 Idem
691 3148 857 3236 (Alfenus)
880 3151 966 3217 libro
990 3155 1100 3235 quarto

94 3238 302 3323 Digestorum
326 3263 346 3304 a
367 3239 468 3304 Paulo
493 3240 743 3323 epitomatorum
767 3235 817 3325 (P.
837 3235 905 3326 63).
947 3239 1010 3317 Qui
1032 3239 1102 3304 tum-

96 3328 170 3391 dum
199 3330 353 3412 menapis
381 3325 528 3393 dederatl
549 3329 697 3410 iugerum
725 3331 868 3411 centum,
895 3328 977 3393 fines
1003 3330 1100 3392 multo

96 3419 234 3500 amplius
276 3417 415 3500 emptori
457 3418 741 3482 demonstraverat.
799 3416 828 3480 si
864 3417 941 3501 quid
978 3439 1017 3481 cx
1053 3416 1101 3480 his

161 3551 176 3597 1
202 3545 330 3602 Triboci:
348 3547 469 3602 fundum
486 3546 691 3602 tradiderat.
