2422 3840
373 158 397 207 5.
421 154 449 209 0.
465 154 668 210 TREBATIUS
687 154 803 210 TESTA
1028 155 1093 220 385

80 324 112 380 11
131 321 244 380 domini
264 323 295 379 et
313 322 400 398 servi,
419 340 438 380 a
456 321 575 383 dommo
594 342 680 383 seruo
699 325 730 382 et
743 323 868 382 libertae
884 342 955 383 snae
969 325 1092 386 relictus

80 402 134 490 (D
153 412 205 485 33,
220 412 248 485 8,
268 412 309 469 22
312 404 379 489 ,‚1)
393 367 537 488 ²legatum
559 412 647 470 nrori
668 412 816 490 relictum,
840 407 924 471 ‘dum
943 432 1010 473 cum
1029 415 1091 474 filio

79 518 146 558 meo
171 455 290 574 Capuae
312 457 381 558 ‘erit'
406 492 456 577 (D.
476 502 527 575 33,
546 502 589 560 30
590 491 657 580 ,.5)
778 520 788 554 1

151 587 303 646 Trebatii
326 588 453 647 sentent
430 590 489 647 tras
513 607 581 647 cum
604 587 706 658 Quinti
729 589 835 667 Mucii,
859 588 940 649 Galli
962 589 1091 668 Aquillii

79 676 241 736 etServii
272 676 399 752 Sulpicii
429 695 497 736 raro
529 678 647 736 tanturn
679 695 851 753 comparare
883 679 962 739 licet.
1013 699 1090 756 quae

78 765 236 841 habemus,
258 766 331 824 haec
355 769 437 825 sunt:
460 766 492 825 in
515 766 702 840 quaestione,
725 767 864 841 possetne
887 766 984 841 heres,
1010 769 1089 844 quod

78 855 195 912 furtum
213 857 301 912 antea
318 857 432 913 factum
452 856 539 930 11111,
557 854 632 913 furti
649 858 730 914 recte
748 873 845 932 agere,
865 874 933 914 cum
947 856 979 926 Q.
989 857 1088 918 Mucio

77 942 230 1002 sentiebat
253 934 327 1024 (Cic.
346 943 384 1001 ad
404 943 475 1002 fam.
495 947 523 1019 7,
539 944 594 1002 221
618 961 672 1019 ego
692 987 721 1003 ..
741 942 902 1004 Scaevolae
926 947 957 1004 et
980 945 1089 1006 Testae

78 1023 249 1111 assentior),
273 1034 306 1090 at
327 1031 360 1089 in
382 1049 476 1109 aquae
499 1032 620 1107 pluviae
643 1031 788 1092 arcendae
806 1033 923 1092 actione
942 1052 1003 1092 non
1021 1053 1090 1094 cum
1112 1102 1116 1108 ,

79 1118 113 1188 O.
132 1120 231 1179 Mucio
256 1137 329 1194 opus
352 1120 418 1196 agri
441 1119 564 1196 colendi,
588 1120 639 1180 sed
661 1120 805 1180 frumenti
823 1121 981 1181 dumtaxat
999 1143 1090 1200 quae·

78 1209 163 1267 rendi
185 1225 275 1267 causa
299 1211 398 1267 aratro
421 1209 536 1268 factum
559 1210 675 1286 excepit
697 1203 747 1290 (D.
767 1211 818 1286 39,
837 1212 866 1287 3,
887 1214 915 1286 1,
935 1202 979 1292 3).
1021 1229 1090 1271 cum

79 1296 166 1356 01111
189 1296 324 1374 Aquillio
352 1297 447 1375 legati
471 1298 638 1357 clausulam
659 1298 874 1373 interpretatus
898 1303 944 1358 111
967 1294 1017 1379 (D.
1038 1302 1089 1379 30,

79 1388 130 1461 30,
147 1377 190 1467 7).
231 1385 430 1446 inhonorum
452 1386 637 1461 possessione
661 1381 824 1446 secundum
847 1388 966 1463 tabulas
989 1389 1090 1449 danda

78 1493 147 1533 eum
170 1474 257 1533 aliter
279 1474 467 1550 respondisse
491 1478 582 1550 atque
605 1475 742 1536 Servium
766 1474 932 1551 Sulpicium
955 1469 1028 1558 (Cic.
1048 1478 1086 1536 ad

78 1563 148 1623 fam.
170 1567 198 1640 7,
214 1556 284 1642 21),
309 1582 401 1639 supra
424 1555 467 1645 (p.
487 1557 566 1644 384)
591 1563 728 1624 vidimus.

167 1651 244 1710 Cum
265 1651 345 1711 Aulo
364 1651 508 1711 Cascellio
532 1655 563 1710 et
580 1651 660 1711 Aulo
680 1650 768 1711 Ofilio
788 1652 949 1713 Trebatius
968 1655 1086 1731 saepius

77 1760 139 1799 una
161 1741 304 1799 laudatur
327 1743 358 1799 et
379 1740 424 1798 ita
447 1740 576 1818 quidem,
598 1743 634 1799 ut
656 1740 792 1817 inprimis
815 1759 883 1801 cum
905 1739 1003 1819 Ofilio,
1025 1763 1085 1804 non

77 1849 146 1888 raro
178 1830 270 1888 etiam
301 1846 370 1887 cum
397 1827 541 1888 Cascellio
571 1829 768 1907 consensisse,
800 1829 831 1888 11
862 1832 1013 1891 nonnullis
1048 1833 1086 1892 ab

76 1921 205 1994 utroque
229 1917 402 1977 dissensisse
424 1916 574 1976 tradatur:
598 1911 716 1977 ‘Ofilius
737 1921 768 1977 et
786 1918 946 1978 Trebatius
965 1939 1087 1997 respon-

76 1999 201 2064 derunt'
229 2005 266 2063 D.
285 2008 315 2081 4,
334 2007 362 2082 8,
383 2007 491 2082 21pr.;
520 1998 642 2064 ‘Ofilius
671 2005 829 2066 Trebatius
855 2004 1086 2084 responderunt'

77 2095 112 2151 D.
133 2096 187 2165 35,
208 2096 241 2170 1,
265 2096 320 2170 40,
340 2096 374 2170 4,
420 2089 596 2153 ‘Trebatius
634 2092 741 2154 Ofilius
777 2141 814 2154 ..
851 2091 1086 2172 responderunt’

78 2182 113 2240 D.
126 2183 215 2260 17,1,
228 2184 341 2259 12,10,
361 2177 479 2242 ‘Ofilius
494 2177 665 2242 Trebatius'
680 2183 717 2242 D.
728 2185 779 2260 32,
791 2186 901 2260 100,1.
912 2187 1024 2262 49,15,
1037 2188 1086 2246 27.

76 2289 155 2330 nova
168 2271 284 2329 ratione
295 2271 453 2331 Trebatius
464 2268 545 2329 Ofilii
558 2272 738 2331 sententiam
751 2272 839 2332 fulcit
850 2273 945 2349 D.47,
955 2277 983 2351 2,
993 2277 1032 2333 21
1041 2295 1086 2351 pr.

75 2359 130 2417 ubi
153 2358 190 2417 ab
210 2358 298 2419 Ofilio
321 2360 442 2438 recedit,
464 2379 529 2420 rem
550 2378 610 2419 non
632 2361 721 2436 plane
744 2361 884 2438 decernit,
907 2362 959 2421 sed
982 2363 1085 2438 potius

76 2447 300 2507 distinctionem
331 2449 472 2525 proponit
502 2449 538 2509 D.
559 2451 613 2526 39,
629 2451 662 2526 3,
684 2452 738 2525 11,
754 2450 782 2509 5.
803 2451 837 2522 6;
865 2452 920 2528 40,
938 2455 966 2529 7,
986 2454 1041 2525 39,
1058 2456 1086 2512 4.

77 2537 203 2612 denique
240 2537 461 2597 distinctionem
497 2539 534 2597 ab
567 2535 654 2598 Ofilio
686 2539 870 2614 propositam
901 2540 1085 2617 improbavit

77 2625 112 2685 D.
134 2627 229 2702 aar,
249 2628 301 2686 11.

165 2713 250 2783 Ouod
278 2714 316 2773 ad
343 2713 522 2773 Cascellium
549 2714 670 2791 attinet,
700 2715 810 2775 similia
837 2716 978 2794 legimns:
1013 2712 1086 2776 ‘Ca-

76 2803 197 2861 scellius
221 2807 251 2862 11
270 2802 429 2863 Trebatius
452 2796 573 2879 putant'
593 2802 628 2862 D.
642 2805 695 2879 43,
710 2806 760 2877 24,
774 2808 801 2877 1,
814 2809 842 2866 1.
854 2809 887 2882 7,
910 2799 1086 2866 ‘Cascellius

76 2891 235 2950 Trebatius
263 2884 390 2969 negant'
417 2890 453 2949 D.
473 2893 529 2968 32,
549 2893 658 2968 2911,
686 2886 865 2953 ‘Cascellius
894 2897 983 2969 putat
1012 2940 1086 2970 ...,

76 2980 235 3039 Trebatius
263 2974 376 3039 contra'
401 2979 438 3038 D.
458 2982 509 3053 33,
525 2983 553 3056 7,
569 2981 601 3056 2,
629 2974 804 3040 ‘Trebatius
828 3028 894 3059 ...,
923 2980 1085 3042 Cascellius

74 3063 190 3127 contra’
214 3068 250 3128 D.
272 3071 459 3146 32,100,1.

164 3157 300 3234 Denique
332 3157 508 3216 Trebatium
544 3174 613 3215 cum
644 3154 732 3216 Ofilio
764 3159 794 3216 11
827 3157 972 3218 Cascellio
1005 3159 1085 3218 idem

75 3245 233 3305 consilium
255 3246 371 3306 dedisse
389 3245 425 3305 D.
441 3247 492 3322 28,
508 3246 536 3322 0,
552 3246 593 3304 39
608 3264 652 3320 pr.
675 3248 816 3305 narratur
835 3241 897 3326 (‘ex
916 3247 1085 3308 consilio..

77 3331 159 3391 Ofilii
182 3333 322 3394 Cascellii
345 3291 513 3414 Τ11111111”).

165 3422 301 3483 Trebatii
328 3422 491 3484 sententias
518 3421 652 3480 referunt
683 3422 808 3482 Blaesus
842 3416 891 3525 (D.
912 3427 969 3499 33,
988 3428 1022 3504 2,
1041 3428 1081 3485 31

75 3503 214 3570 ‘Blaesus
238 3513 282 3571 ait
300 3512 475 3571 Trebatium
496 3504 748 3592 respondisse's)
739 3511 880 3588 inprimis
893 3533 972 3573 sess
983 3469 1099 3567 lineas

126 3619 248 3667 1111111111
235 3621 353 3662 1111111.
368 3620 418 3663 ren
434 3620 583 3664 ismae
856 3613 901 3660 ‘as
