2422 3840
116 166 182 230 206
219 166 266 222 VI.
288 165 424 222 OCTAVI
444 167 543 224 SAEC.
560 168 657 224 Iunis
677 168 852 225 consum.
866 166 994 223 anulus
1012 167 1130 224 PRIMA

426 327 470 382 De
488 330 553 384 aede
569 330 699 396 socienda
718 331 814 384 locata.

208 419 281 483 123.
308 419 348 485 D.
369 420 419 503 19,
434 422 463 499 2,
483 420 534 503 30,
548 421 577 485 3.
618 418 709 485 Idem
730 417 897 508 (Alfenus)
919 420 1006 486 libro
1030 422 1130 486 tertio

116 508 325 592 Digestorum
343 531 363 573 a
381 507 483 574 Paulo
503 504 752 594 epitomatorum
770 508 819 593 (P.
834 507 901 594 54).
934 508 998 586 Qui
1016 509 1130 574 aedem

116 596 296 662 faciendam
323 597 501 678 locaverat,
529 599 563 661 in
585 598 657 684 lege
681 598 818 662 dixerat:
846 597 965 683 ‘quoad
987 597 1130 682 inopus

115 684 232 770 lapidis
260 707 341 770 opus
370 686 444 763 erit,
472 707 532 771 pro
560 687 667 769 lapide
696 691 729 751 et
751 687 955 771 manupretio
979 686 1130 751 dominus

115 774 312 859 redemptori
334 775 368 838 in
391 775 487 857 pedes
508 775 654 860 siugulos
672 777 821 840 sestertios
838 773 991 858 septenos²
1011 774 1130 840 dabit':

116 864 298 947 quaesitum
312 866 370 946 est,
384 867 492 927 utrum
507 864 630 928 factum
645 886 726 948 opus
737 886 778 928 an
788 864 886 928 etiam
901 863 1130 949 imperfectum

116 953 222 1016 metiri
247 955 420 1036 oporteret.
466 952 632 1036 respondit
655 953 753 1017 etiam
777 952 1010 1037 imperfectum.

185 1068 200 1117 1
227 1064 339 1119 Triton.
358 1067 475 1134 septem.

387 1188 431 1242 De
448 1190 581 1244 mercibus
599 1190 726 1244 vehendis
744 1189 848 1244 locatio.

205 1281 276 1346 124.
300 1279 339 1345 D.
356 1281 405 1363 14,
420 1282 449 1360 2,
459 1281 480 1345 2
490 1303 538 1363 pr.
559 1279 650 1345 Idem
665 1277 816 1367 (Paulus)
830 1280 914 1345 libro
929 1280 1128 1366 trIgensimo

114 1375 229 1456 quarto
253 1370 293 1433 ad
317 1368 456 1433 edietum
475 1369 524 1454 (P.
538 1367 627 1457 521).
670 1368 704 1434 si
727 1369 897 1434 laborante
920 1390 1002 1434 nave
1021 1370 1129 1435 iaetus

112 1459 217 1524 faetus
232 1461 289 1542 est,
309 1458 500 1522 amissarum
514 1461 669 1523 mercium
684 1457 814 1540 domini,
829 1459 857 1522 si
873 1479 992 1523 merces
1006 1458 1130 1524 vehen-

114 1547 170 1612 das
199 1548 398 1631 locaverant,
425 1569 464 1610 ex
491 1547 598 1611 locato
627 1570 699 1611 eum
726 1546 884 1630 magistro
907 1547 1002 1612 navis
1026 1568 1127 1632 agere

114 1636 244 1700 debent:
266 1635 295 1699 is
319 1636 430 1699 deinde
455 1657 526 1700 cum
550 1635 694 1721 reliquie,
717 1657 853 1719 quorum
871 1657 993 1700 merces
1014 1637 1126 1702 salvae

114 1727 199 1803 sunt,
222 1747 260 1789 ex
284 1724 449 1807 conducto,
471 1727 508 1788 ut
531 1725 760 1788 detrimentum
782 1745 841 1806 pro
864 1724 1013 1807 portione
1037 1744 1127 1791 conr·

113 1815 301 1897 munioetur,
320 1834 414 1896 agere
433 1815 552 1897 potest.
586 1810 717 1879 Servius
732 1811 940 1895 ..respondit
958 1835 997 1877 ex
1014 1813 1126 1880 locato

113 1924 208 1986 agere
232 1924 304 1967 oum
324 1903 481 1984 magistro
499 1902 592 1966 nevis
613 1901 736 1985 debere,
760 1905 797 1965 ut
816 1905 996 1966 ceterorum
1015 1907 1126 1968 vecto·

111 2014 184 2056 rum
202 2012 322 2055 merces
341 1992 488 2065 retineat,
507 1990 606 2055 donec
624 1991 809 2074 portionem
825 1989 934 2054 damni
947 1995 1125 2073 praestent.

201 2080 274 2146 125.
304 2080 342 2144 D.
358 2079 409 2162 14,
423 2080 453 2163 2,
470 2081 499 2143 7.
535 2078 656 2143 Paulus
678 2078 762 2143 libro
786 2079 883 2143 tertio
907 2079 1127 2161 epitomarum

110 2169 219 2234 Alfeni
242 2169 451 2254 Digestorum
475 2166 523 2252 (P.
542 2163 610 2254 55).
657 2164 739 2232 (lum
767 2167 919 2251 depressa
946 2165 1038 2232 navis
1067 2175 1126 2235 aut

112 2257 235 2323 deiecta
259 2262 351 2340 esset,
375 2256 459 2340 quod
484 2257 619 2339 quisque
638 2277 676 2320 ex
696 2278 733 2320 ea
753 2278 845 2319 suum
864 2261 1035 2338 servasset,
1059 2259 1124 2323 sibi

111 2368 237 2411 servare
260 2345 438 2428 respondit,
461 2347 617 2428 tanquam
641 2366 680 2408 ex
702 2344 860 2410 incendio.

202 2435 274 2498 126.
302 2433 340 2498 Ι).
361 2433 415 2514 14,
430 2434 512 2515 2,2,
528 2435 556 2499 3.
602 2432 692 2497 Idem
716 2429 865 2520 (Paulus)
889 2432 973 2497 libro
997 2435 1124 2520 trigen-

111 2523 192 2588 simo
217 2526 331 2605 quarto
355 2523 395 2586 ad
420 2521 560 2585 edictum
584 2518 632 2608 (P.
651 2518 743 2608 521).
787 2519 822 2585 Si
844 2521 938 2586 navis
962 2544 981 2587 a
1004 2522 1123 2607 piratis

109 2611 275 2694 redempta
308 2611 363 2692 sit,
395 2608 524 2676 Servius
552 2609 665 2674 Ofilius
694 2609 800 2675 Labeo
834 2631 946 2676 omnes
975 2611 1124 2678 conferre

110 2698 225 2764 debere
241 2700 343 2763 aiunt:
358 2698 443 2783 quod
457 2720 533 2763 vero
547 2699 724 2783 praedones
739 2694 1033 2783 abstulerint,'eum
1045 2723 1124 2784 per-

110 2788 184 2852 dere
203 2789 293 2853 onius
311 2788 440 2871 fuerint,
457 2809 517 2852 neo
535 2787 764 2853 eonferendum
779 2789 818 2871 ei,
837 2789 892 2874 qui
906 2809 982 2852 suas
996 2811 1122 2856 merces

109 2877 288 2944 redemerit.

510 2971 558 3028 De
579 2973 717 3030 societate.

200 3081 272 3147 127.
309 3080 346 3145 D.
372 3083 423 3162 ll,
441 3082 475 3163 2,
499 3080 555 3164 52,
575 3080 626 3146 18.
680 3079 769 3144 Idem
801 3077 993 3167 (Ulpianus)
1032 3080 1121 3149 libro
1165 3143 1167 3147 ,

108 3171 298 3255 trigensimo
330 3172 435 3253 primo
470 3169 508 3233 ad
541 3170 680 3233 edietum
714 3168 761 3252 (P.
785 3169 893 3253 922⁰).
1031 3173 1121 3254 apud

109 3264 231 3324 veteres
255 3263 423 3343 tractatur,
445 3279 484 3321 an
510 3258 615 3322 socius
639 3259 783 3322 omnium
801 3258 971 3336 bonorum,
993 3259 1121 3343 etquid

110 3349 151 3413 ob
170 3347 358 3412 iniuriarum
379 3347 538 3411 actionem
559 3347 730 3410 damnatus
749 3346 957 3430 praestiterIt‚
976 3369 1016 3410 ex
1033 3369 1121 3412 oom-

109 3436 200 3500 muni
227 3440 441 3519 consequatur
467 3440 504 3499 ut
526 3438 678 3519 praestet.
725 3441 757 3498 et
780 3435 952 3499 Atilicinus
976 3432 1120 3501 Sabinus

104 3523 238 3588 Cassius
253 3525 494 3607 responderunt
574 3524 627 3588 eui
645 3525 796 3608 congruit
811 3525 896 3608 quod
969 3523 1120 3590 Servium
