2422 3840
94 160 159 224 100
191 158 239 214 IV.
254 156 400 213 SEPTIMI
415 154 513 212 SAEC.
527 154 624 211 IURIS
638 153 945 210 constituerimus
961 154 1113 210 ALTERA

183 325 248 386 Gai.
263 325 316 403 IV,
332 327 360 383 4.
380 373 386 385 .
403 373 408 384 .
426 373 432 385 .
447 319 512 384 ‘nee
531 342 578 384 res
597 342 673 399 quae
688 319 814 400 <nostra
831 322 892 382 iam
910 317 987 400 est),
1001 326 1112 384 nostra

94 415 224 492 amplius
247 414 312 474 fieri
335 417 442 490 potest.
484 415 573 489 plane
597 413 664 472 odio
683 412 794 486 iurum,
818 431 877 488 quo
896 413 994 490 magis
1011 413 1112 488 pluri-

93 506 150 564 bus
174 503 342 563 actionibus
365 505 534 580 teneantur,
557 504 712 577 receptum
735 504 791 578 est,
813 503 850 559 ut
872 504 958 560 extra
979 520 1113 577 poenam

93 593 178 669 dupli
201 594 256 651 aut
279 592 440 669 quadrupli
462 591 506 650 rei
526 589 713 666 recipiendae
731 589 850 648 nomino
869 588 953 648 fures
972 584 1113 670 e<tiam>

93 683 150 741 hac
173 681 289 741 actione
307 682 469 740 teneantur
486 679 531 738 »si
552 682 638 754 paret
657 697 707 738 eos
726 679 797 738 dare
816 681 980 754 oportere«,
1003 698 1112 754 quam-

94 771 139 831 vis
167 771 208 830 sit
231 769 322 830 etiam
346 770 489 829 adversus
512 786 563 827 eos
586 768 659 827 haec
683 769 775 843 actio,
803 786 950 843 quarem
972 771 1113 829 nostram

94 878 159 919 esse
181 852 333 934 petimus'.

180 948 273 1007 Mucii
296 947 475 1006 auctoritaie
493 945 525 1004 id
543 947 696 1021 receptum
715 945 818 1023 fuisse,
836 944 968 1003 indicere
987 944 1113 1004 videtur

91 1039 296 1115 fragmentum
318 1035 398 1112 quod
421 1034 541 1094 subieci.

184 1129 212 1193 1.
231 1128 270 1193 D.
287 1129 382 1211 13,1,
399 1128 449 1192 16.
480 1124 677 1209 Pomponius
692 1125 775 1190 libro
790 1125 981 1209 trigensimo
992 1129 1112 1191 octavo

94 1218 135 1282 ad
163 1217 320 1294 Quintum
344 1214 487 1280 Mucium
515 1212 563 1301 (P.
582 1210 673 1301 321).
719 1212 781 1289 Qui
808 1215 932 1278 furtum
961 1213 1113 1281 admittit

93 1307 144 1372 vel
176 1328 211 1370 re
243 1303 448 1370 commodata
479 1306 529 1369 vel
563 1303 710 1386 deposita
738 1302 871 1387 utendo,
903 1303 1113 1369 condictione

95 1416 223 1480 quoque
246 1416 284 1457 ex
307 1393 427 1458 furtiva
450 1414 548 1458 causa
571 1392 787 1476 obstringitur
810 1441 840 1456 ..

184 1483 214 1547 2.
233 1481 272 1546 D.
285 1483 334 1556 12,
346 1483 376 1564 6,
385 1482 436 1547 52.
469 1479 669 1565 Pomponius
684 1480 769 1546 libro
783 1481 1112 1564 vicensimoseptimo

95 1571 135 1635 ad
154 1569 309 1646 Quintum
328 1570 470 1635 Mucium
490 1568 539 1654 (P.
558 1569 646 1652 297).
689 1568 812 1634 Damus
836 1573 892 1633 eut
915 1570 957 1635 ob
977 1591 1112 1637 causam

96 1665 154 1725 aut
177 1660 218 1725 ob
242 1680 325 1723 rem:
351 1659 393 1723 ob
417 1680 548 1723 causam
571 1658 790 1741 praeteritam,
815 1658 915 1723 veluti
939 1680 1012 1723 oum
1036 1660 1111 1725 ideo

96 1749 147 1831 do,
170 1748 255 1832 quod
280 1747 401 1832 aliquid
425 1752 496 1812 ate
520 1751 711 1813 consecutus
731 1769 802 1811 sum
822 1748 873 1812 vel
892 1748 968 1833 quia
986 1747 1113 1832 aliquid

96 1861 116 1902 a
138 1841 172 1901 te
194 1837 318 1901 factum
343 1842 393 1902 est
414 1841 464 1921 ut,
493 1835 620 1901 etiamsi
644 1834 730 1901 falsa
754 1857 851 1901 causa
874 1837 931 1920 sit,
955 1837 1112 1921 repetitio

97 1927 166 1991 eius
189 1927 343 2010 pecuniae
367 1947 434 1990 non
458 1926 516 1991 sit:
539 1926 581 1989 ob
604 1946 673 1989 rem
699 1947 773 1989 vero
798 1925 901 2010 datur,
925 1928 961 1988 ut
986 1925 1113 2010 aliquid

97 2018 264 2100 sequatur,
288 2036 351 2099 quo
374 2037 440 2080 non
465 2017 618 2098 sequente
641 2014 791 2096 repetitio
816 2014 981 2097 competit.

183 2109 269 2170 Hanc
302 2108 484 2169 sententium
516 2108 611 2183 ipsius
641 2107 734 2166 Mucii
765 2124 829 2166 esse
856 2107 980 2167 Pernice
1008 2108 1111 2170 Labeo

41 2223 43 2227 ¹
96 2199 124 2275 Ι,
144 2201 209 2257 422
221 2218 264 2276 sq.
288 2198 417 2273 monuit,
446 2195 518 2274 quia
539 2196 721 2271 Pomponius
748 2196 784 2255 de
808 2197 885 2255 falsa
907 2215 999 2257 causa
1021 2199 1113 2258 aliter

97 2288 216 2347 sentiat.
248 2288 268 2344 l.
288 2289 330 2346 23
349 2305 396 2361 pr.
418 2285 481 2345 eod.

186 2378 229 2444 3?
263 2376 301 2443 D.
327 2378 382 2459 12,
406 2378 440 2459 6,
463 2377 516 2442 50.
570 2377 766 2461 Pomponius
803 2378 887 2442 libro
922 2379 1035 2461 quinto
1071 2380 1113 2445 ad

99 2467 256 2542 Quintum
283 2465 426 2530 Mucium
455 2463 504 2550 (P.
528 2463 618 2552 242).
668 2466 762 2542 Quod
790 2467 861 2552 quis
890 2467 994 2532 sciens
1023 2469 1113 2532 inde·

98 2554 316 2728 Εῗὲιᾚὲἒέὲ
337 2553 399 2620 hae
422 2557 543 2638 mente,
572 2563 608 2619 ut
631 2559 745 2640 postea
767 2558 939 2639 repeteret,
963 2561 1112 2642 repetere

187 2745 310 2804 Pernice
331 2745 430 2806 Labeo
449 2746 473 2820 Ι,
489 2748 552 2806 423
572 2766 600 2806 n.
616 2749 671 2824 253
695 2747 750 2822 ΙΠ,
767 2750 828 2808 239
849 2767 876 2808 n.
893 2751 911 2807 3
935 2749 1013 2808 hanc
1037 2769 1112 2827 quo·

99 2853 157 2912 que
180 2832 358 2893 sententiam
380 2835 472 2894 Mucii
495 2854 560 2894 esse
582 2855 670 2911 posse
692 2836 815 2896 iudicat.

481 3022 588 3081 Liber
613 3021 725 3084 XVIII.

99 3137 146 3196 De
162 3137 358 3210 publicatione
374 3137 567 3210 praediorum
585 3140 778 3212 tenoremque
795 3141 840 3198 oct
857 3141 892 3199 de
909 3141 974 3199 iare
986 3141 1113 3215 populi?

188 3251 271 3310 Talis
294 3251 464 3329 argumenti
486 3255 652 3312 extremum
671 3254 762 3313 Mucii
779 3254 891 3314 librum
909 3255 1002 3314 fuisse
1022 3256 1111 3317 Pom·

99 3341 181 3417 ponii
207 3340 308 3399 ultimi
334 3340 405 3399 libri
430 3341 599 3419 fragmenta
622 3341 680 3401 duo
704 3334 751 3425 (P.
772 3345 845 3420 323,
865 3335 944 3423 324)
968 3344 1111 3405 indicant.

100 3430 192 3489 etiam
215 3429 373 3504 Pomponii
400 3431 439 3488 ad
462 3428 605 3489 Sabinum
630 3431 707 3490 liber
729 3433 867 3509 ultimus,
894 3433 947 3508 qui
970 3433 1007 3492 de
1030 3437 1111 3511 post-

99 3517 215 3576 liminio
244 3519 325 3594 agit,
356 3517 568 3594 publicationis
594 3521 776 3581 mentionem
803 3521 888 3580 lacit:
921 3515 1037 3582 ‘verum
1064 3525 1111 3583 est
