2422 3840
314 169 338 220 8.
365 161 519 218 SERVIUS
539 162 724 218 SULPICIUS
744 163 862 218 RUFUS
1029 164 1094 229 215

167 331 215 390 Ea
234 350 351 408 quoque
371 349 446 408 quae
465 332 501 390 de
520 331 650 390 secunda
669 332 843 408 quaestione
859 331 980 392 Servius
1000 334 1092 408 expli-

74 420 167 498 cavit,
182 421 342 478 maximam
355 423 474 494 partem
487 419 586 478 deleta
600 424 677 480 sunt.
712 414 795 496 ‘quid
810 426 911 479 autem
926 425 1006 480 esset
1019 439 1094 481 »usu

77 524 165 585 suo«,
192 527 333 586 magnam
354 509 528 568 habuisse
551 503 790 582 dubitationem,
813 510 940 568 Alfenus
964 511 1094 570 scribere

76 617 139 657 non
162 597 275 672 putuit,
303 597 368 673 sed,
396 597 422 656 si
445 598 565 656 omnino
589 598 653 656 eius
675 596 768 657 verba
791 599 874 675 sunt,
897 598 998 673 potius
1022 600 1093 658 scri-

76 686 150 745 bere
165 685 272 745 debuit
290 679 443 764 ‘magnam
460 686 593 745 habere
608 680 847 744 dubitationem'.
875 686 966 745 etiam
986 680 1095 766 ‘magis

77 767 192 850 placet'
210 774 299 833 Pauli
322 792 386 834 esse
408 774 516 834 iudico.
558 775 594 834 cf.
614 774 650 833 D.
671 777 722 851 32,
737 777 779 834 60
803 769 859 834 ‘sic
880 775 955 833 mihi
973 770 1094 851 placet'.

79 881 159 939 quae
172 862 300 922 Alfenus
320 862 480 940 scripserit,
498 863 592 923 verba
610 863 717 922 docent
736 880 814 939 quae
833 867 938 938 postea
951 864 1095 941 leguntur

78 945 123 1010 ‘et
148 951 206 1011 sibi
228 951 325 1011 videri
348 970 398 1011 eos
421 945 551 1010 demum'
576 957 606 1010 et
630 972 657 1028 q.
677 970 699 1011 s.
743 951 881 1012 Servium
901 972 936 1012 ex
955 955 1096 1031 analogia

77 1060 145 1098 rem
177 1039 324 1099 decidisse
356 1042 494 1115 apparet,
527 1041 571 1099 ita
602 1044 639 1099 ut
671 1059 747 1117 quae
776 1040 812 1099 de
840 1060 919 1116 penu
946 1042 994 1100 sui
1022 1061 1094 1102 usus

78 1147 173 1188 causa
195 1132 303 1204 parata
325 1128 384 1188 dici
407 1132 569 1206 oporteret,
592 1128 631 1187 ad
654 1148 755 1189 servos
778 1130 808 1186 in
826 1149 917 1188 usum
936 1150 1023 1189 suum
1042 1133 1094 1191 do-

78 1236 165 1276 mum
179 1217 284 1277 dusios
297 1217 483 1276 transferret.
517 1222 549 1276 at
566 1236 603 1276 ne
617 1218 735 1294 reliqua
749 1218 869 1294 quidem
882 1219 1001 1296 integra
1015 1223 1094 1279 sunt.

79 1298 246 1366 ‘unctores'
268 1305 300 1365 in
317 1305 491 1365 memoriam
508 1310 657 1383 revocant,
680 1306 817 1366 Servium
833 1311 1023 1382 unguentum
1041 1328 1095 1384 pe-

78 1395 163 1455 noris
182 1412 247 1454 esse
266 1394 437 1454 existimare
456 1386 506 1476 (D.
519 1397 569 1467 33,
582 1398 610 1470 9,
622 1397 650 1465 3,
663 1390 727 1474 10).
758 1397 956 1470 comparanda
975 1401 1096 1456 suntet

79 1503 159 1558 quae
183 1482 303 1544 Servius
328 1475 418 1562 (Geli.
439 1478 594 1564 4,1,1r)
624 1484 660 1542 de
687 1484 725 1543 iis
753 1485 842 1543 rebus
871 1486 991 1560 exponit
1018 1506 1095 1562 quae

78 1566 203 1650 ‘longae
235 1572 347 1631 usionis
379 1590 469 1631 causa
501 1573 717 1631 contrahuntur
746 1576 777 1632 et
806 1570 1031 1652 reconduntur',
1065 1579 1096 1636 et

79 1680 159 1738 quae
186 1660 315 1720 Alfenus
344 1653 396 1740 (D.
416 1663 471 1738 32,
488 1664 542 1739 60,
558 1653 592 1739 2)
621 1662 657 1720 de
686 1661 741 1737 eia,
774 1681 850 1738 quae
877 1664 1095 1739 paterfamilias

78 1744 222 1809 ‘vendere
242 1744 359 1809 solitus’
380 1753 433 1808 est.
476 1753 561 1809 erant
580 1750 658 1808 enim
678 1753 749 1809 tunc
768 1751 799 1807 in
818 1751 916 1829 Italia,
936 1753 988 1827 qui
1007 1772 1095 1830 agros

78 1857 141 1897 non
162 1842 201 1897 ut
220 1855 251 1897 se
271 1856 400 1915 suosque
423 1838 546 1915 alerent,
570 1840 623 1898 sed
640 1843 677 1896 ut
694 1840 809 1896 fruetus
828 1840 998 1912 venderent,
1018 1842 1095 1901 cole·
1162 1845 1166 1848 ’

79 1928 163 1987 bant.
205 1926 229 1985 ii
248 1927 327 1986 servi
345 1927 454 2002 quibus
474 1927 512 1986 ad
531 1928 586 1986 hoe
605 1945 680 2002 opus
698 1927 871 2004 utebantur,
894 1947 926 1986 re
945 1949 1018 1988 vera
1035 1950 1096 1989 non

78 2009 147 2076 ‘suo
168 2009 242 2074 usu'
263 2015 364 2091 parati
387 2018 480 2075 erant.
522 2016 557 2074 cf.
578 2015 681 2072 Sabini
699 2015 791 2074 verba
813 2033 830 2073 a
850 2015 948 2074 Gellio
964 2020 992 2093 4,
1010 2021 1036 2092 1,
1052 2020 1093 2077 23

78 2105 178 2164 relata
197 2098 407 2180 ‘promercalia
425 2107 455 2163 et
471 2099 605 2163 usuaria'
620 2106 650 2162 et
665 2101 738 2162 011..
748 2101 801 2180 VI,
813 2105 841 2180 2,
854 2106 938 2162 1143
954 2125 981 2163 n.
994 2108 1094 2165 8594:

78 2188 240 2270 ‘quidquid
262 2193 419 2251 usuarium
441 2193 607 2268 invehitur,
632 2192 783 2251 ansarium
805 2211 866 2251 non
889 2189 998 2254 debet’.

171 2276 246 2341 147.
277 2274 316 2340 D.
336 2275 431 2358 18,1,
451 2277 545 2359 80,2.
596 2276 705 2340 Labeo
733 2277 816 2339 libro
845 2276 959 2360 quinto
988 2282 1093 2360 poste-

78 2365 204 2431 riorum
220 2362 405 2429 aIavoleno
425 2366 676 2448 epitomatorum
691 2363 739 2448 (P.
749 2360 838 2451 208).
870 2363 958 2430 Silva
973 2366 1093 2431 caedua

78 2456 113 2519 in
128 2452 385 2538 quinquennium
400 2455 557 2518 venierat:
578 2455 801 2537 quaerebatur,
816 2476 888 2518 cum
902 2455 996 2538 glans
1010 2456 1092 2520 deci-

78 2544 195 2624 disset,
216 2542 319 2606 utrius
339 2545 434 2605 esset.
471 2542 537 2606 scio
558 2541 705 2607 Servium
724 2543 935 2629 respondisse,
954 2545 1093 2627 primum

79 2629 281 2717 sequendum
305 2652 374 2694 csse
398 2631 483 2715 quod
507 2637 678 2714 appareret
709 2635 816 2695 aetum
840 2653 924 2696 esse:
955 2634 1041 2716 quod
1065 2635 1094 2698 si

78 2722 112 2785 in
137 2721 277 2785 obscuro
301 2723 398 2801 esset,
427 2740 644 2803 quaecumque
668 2720 762 2802 glans
786 2742 824 2784 ex
848 2720 899 2784 his
923 2723 1093 2787 arboribus

79 2831 163 2894 quae
183 2828 296 2873 caesae
315 2829 379 2872 non
400 2813 508 2872 essent
527 2809 703 2891 cecidisset,
724 2808 899 2874 venditoris
919 2831 1000 2894 esse,
1022 2833 1093 2875 eam

80 2902 201 2976 autem,
225 2897 358 2979 quaein
378 2897 548 2960 arboribus
568 2897 682 2960 fuisset
701 2918 738 2960 eo
758 2901 903 2980 tempore
923 2920 996 2962 cum
1013 2899 1094 2964 haec

81 2986 309 3066 caederentur,
332 2985 495 3068 emptoris.

172 3080 209 3139 cf.
228 3079 277 3137 lex
300 3077 478 3138 Ursonensis
497 3078 648 3137 LXXXII:
678 3078 730 3153 qui
753 3079 819 3154 agri
843 3098 977 3156 quaeque
1001 3081 1096 3140 silvae

81 3187 220 3246 quaeque
239 3167 376 3226 aedificia
394 3168 506 3227 colonis
525 3167 658 3226 coloniae
679 3165 841 3226 Genetivae
860 3168 964 3245 Iuliae,
986 3169 1096 3244 quibus

80 3258 202 3333 publice
225 3259 361 3332 utantur,
384 3255 455 3314 data
479 3256 634 3315 adtributa
657 3259 754 3331 erunt,
780 3268 818 3313 ne
842 3256 909 3332 quis
933 3275 983 3315 ees
1007 3275 1096 3332 agros

81 3364 157 3405 neve
182 3363 232 3405 eas
256 3345 347 3404 silvas
366 3344 488 3404 vendito
506 3363 580 3405 neve
600 3346 697 3403 locato
715 3343 835 3420 longius
854 3364 943 3421 quam
961 3345 993 3402 in
1012 3346 1096 3422 quin-

81 3435 256 3512 quennium.

173 3524 209 3582 cf.
233 3541 324 3596 supra
347 3517 394 3582 ‘de
418 3523 494 3583 silva
516 3515 626 3583 locata’
652 3525 728 3584 113.
750 3523 830 3583 111.
