2422 3840
143 135 208 204 416
236 141 309 197 7ΙΙΙ.
325 139 457 195 ΟΟΤΑῊ
471 139 677 196 1111111111
693 139 865 196 CONSULT.
876 138 1002 194 SERIES
1017 139 1156 194 TERTIA

147 325 241 388 opere
266 307 390 389 agatur,
414 304 500 388 quod
523 326 621 368 manu
644 303 766 368 factum
786 304 836 387 sit,
861 303 1045 368 omnimodo
1065 303 1158 368 resti-

146 393 298 456 tuendum
328 393 359 456 id
388 415 457 457 esse
487 393 527 456 ab
556 414 607 470 eo,
634 414 708 456 cum
736 413 799 476 quo
824 393 944 478 agitur:
973 392 1100 457 sivero
1125 392 1159 457 vi

147 481 288 545 fluminis
312 502 413 566 agger
437 481 560 545 deletus
585 482 627 545 sit
651 486 707 545 aut
726 479 835 564 glarea
853 480 972 544 iniecta
992 484 1049 544 aut
1067 480 1158 546 fossa

145 571 223 634 limo
247 571 385 653 repleta,
413 574 490 633 tunc
512 569 705 653 patientiam
729 571 898 634 dumtaxat
919 569 1158 654 praestandam.

236 658 286 724 36.
311 657 351 722 Ι).
366 660 417 741 39,
432 659 462 742 3,
477 659 506 742 3,
524 660 552 723 1.
583 656 742 740 Ulpianus
762 659 846 722 libro
866 658 1158 742 quinquagensimo

147 747 243 812 tertio
281 748 320 810 ad
358 747 496 812 edictum
533 743 582 832 (P.
607 743 736 833 1285b).
786 795 820 811 ..
853 746 1024 811 Trebatius
1062 749 1160 830 putat

148 858 229 919 eum,
252 837 303 900 cui
322 857 423 919 aquae
442 835 577 899 fluentes
596 835 719 900 calidae
737 840 887 920 noceant,
908 856 1010 918 aquae
1029 835 1159 919 pluviae

147 923 303 989 arcendae
327 947 399 988 cum
422 924 527 990 vicino
552 945 647 1008 agere
670 946 774 1007 posse.

236 1013 288 1078 37.
320 1012 358 1078 Ι).
377 1013 435 1096 39,
454 1014 488 1094 3,
507 1014 589 1097 3pr.
629 1010 791 1097 Ulpianus
821 1012 904 1097 libro
936 1013 1159 1097 quinquagen-

148 1103 230 1167 simo
258 1102 356 1165 tertio
381 1101 421 1165 ad
445 1102 584 1165 edictum
608 1100 658 1186 (P.
674 1099 804 1186 12851‘).
849 1099 946 1185 Apud
969 1099 1159 1165 Trebatium

147 1191 286 1255 relatum
306 1195 355 1254 est
374 1212 456 1269 eum,
474 1191 507 1254 in
527 1191 616 1254 cuius
635 1189 734 1254 fundo
755 1212 837 1274 aqua
856 1190 966 1274 oritur,
984 1189 1158 1254 fullonicas

147 1280 232 1343 circa
260 1279 385 1344 fontem
413 1279 594 1343 instituisse
622 1283 655 1343 et
682 1300 720 1343 ex
747 1278 798 1342 his
824 1300 940 1362 aquam
963 1278 997 1342 in
1021 1277 1158 1342 fundum

147 1368 244 1432 vicini
275 1368 450 1432 immittere
483 1367 641 1451 coepisse:
674 1368 720 1431 ait
752 1389 829 1452 ergo
859 1388 925 1431 non
954 1367 1058 1430 teneri
1087 1388 1159 1430 eum

149 1478 250 1540 aquae
273 1456 399 1539 pluviae
423 1455 579 1520 arcendae
602 1457 737 1521 actione.

390 1640 437 1698 De
453 1641 568 1712 pecoris
589 1641 630 1698 ad
652 1657 760 1712 equum
783 1639 917 1712 adpulsu.

237 1748 289 1812 38.
317 1748 355 1813 Ι).
374 1749 431 1833 43,
450 1748 507 1829 20,
527 1750 558 1827 1,
579 1749 630 1814 18.
670 1747 827 1830 Ulpianus
855 1747 939 1811 libro
964 1752 1157 1833 septuagen-

149 1837 231 1901 simo
260 1837 300 1900 ad
324 1835 668 1922 1111111111(Ρ.1570).
711 1836 895 1918 Trebatius,
923 1858 996 1901 cum
1019 1837 1157 1920 amplior

148 1947 299 1989 numerus
331 1926 457 2010 pecoris
489 1927 528 1989 ad
559 1947 675 2009 aquam
708 1925 899 2009 appelletur,
935 1946 1033 2008 quam
1061 1925 1157 1990 debet

149 2014 275 2097 appelli,
298 2035 393 2097 posse
413 2015 598 2078 universum
616 2034 712 2098 pecus
731 2015 862 2098 impune
880 2013 1055 2099 prohiberi,
1080 2015 1156 2098 quia

148 2104 293 2166 iunctum
316 2124 413 2186 pecus
436 2103 465 2166 ei
483 2103 600 2187 pecori,
624 2102 675 2166 cui
694 2102 847 2185 adpulsus
866 2102 1028 2186 debeatur,
1050 2107 1157 2167 totum

149 2196 335 2275 corrumpat
357 2192 481 2274 pecoris
505 2190 683 2274 adpulsum.

455 2374 502 2432 Dc
524 2376 662 2447 emptione
682 2375 849 2434 venditione.
977 2386 982 2399 ·

510 2479 555 2535 Dc
571 2481 660 2547 fundo
677 2483 793 2536 vendito.

239 2583 289 2649 39.
321 2581 360 2648 Ι).
383 2582 438 2666 19,
457 2583 485 2665 1,
510 2581 560 2663 17,
578 2582 608 2645 2.
658 2580 815 2666 Ulpianus
847 2581 931 2645 libro
963 2580 1158 2665 trigensimo

151 2671 289 2736 secundo
322 2671 362 2735 ad
394 2671 534 2734 edictum
563 2666 613 2755 (P.
635 2670 735 2756 938⁰).
789 2669 901 2734 Funde
939 2669 1069 2734 vendito
1108 2669 1158 2735 rel

150 2761 258 2844 legato
279 2759 486 2824 sterculinum
506 2762 538 2822 et
556 2763 735 2823 stramenta
753 2759 907 2844 emptoris
925 2756 988 2823 vell
1008 2757 1159 2842 legatarii

150 2852 240 2934 sunt,
271 2849 360 2933 ligna
392 2850 500 2911 autem
533 2848 708 2912 venditoris
738 2849 789 2912 vel
816 2847 957 2929 heredis,
989 2847 1066 2930 quia
1093 2868 1157 2911 nou

151 2940 227 3001 sunt
249 2936 353 3022 fundi,
381 2936 510 3001 tametsi
534 2937 573 3000 ad
598 2958 668 3000 eam
691 2958 759 3000 rem
783 2938 971 3019 comparata
994 2939 1077 2999 sunt.
1125 2936 1159 3000 111

151 3025 323 3091 sterculino
351 3074 380 3089 ..
409 3025 573 3089 distinctio
597 3023 740 3088 Trebatii
767 3024 936 3108 probanda
963 3027 1027 3106 est,
1054 3029 1104 3109 ut,
1133 3024 1159 3088 si

151 3114 281 3199 quidem
300 3113 496 3178 stercorandi
516 3113 587 3198 agri
607 3134 705 3177 causa
723 3116 945 3197 comparatum
963 3112 1015 3195 sit,
1034 3115 1157 3197 empto·

150 3225 219 3267 rem
244 3207 411 3287 sequatur,
435 3203 462 3266 si
485 3202 654 3284 vendendi,
677 3202 909 3280 venditorem[,
932 3200 995 3264 nisi
1018 3201 1047 3266 si
1071 3201 1158 3266 aliud

152 3295 259 3356 actum
288 3294 364 3373 est]:
392 3312 450 3356 nec
477 3291 625 3375 interest,
655 3290 690 3354 in
719 3290 847 3355 stabulo
875 3291 977 3354 iaceat
1005 3312 1048 3354 an
1076 3311 1158 3355 acer-

150 3402 209 3444 vus
235 3381 286 3447 sit.

213 3509 360 3566 1Ftet.
