2422 3840
271 190 296 241 7.
319 183 350 249 Q.
370 183 505 240 MUCIUS
523 186 554 240 P.
569 184 597 240 P.
612 185 642 241 P.
656 185 691 240 N.
707 185 898 242 SCAEVOLA
1047 187 1088 250 73

167 353 293 412 Praeter
310 353 392 429 ipsas
405 371 453 412 res
466 354 582 431 legatas
597 354 729 413 Mucium
745 354 837 413 etiam
852 373 941 415 usum
955 356 1089 433 legatum

76 445 243 521 explicasse
270 442 415 504 videmus.
463 442 499 500 de
527 443 687 502 usufructu
713 443 815 520 legato
842 443 917 502 nihil
944 445 1090 504 traditum

77 535 138 611 est,
161 533 282 591 tantum
306 531 342 588 de
365 531 527 590 usufructu
550 531 670 590 vendito
694 532 831 609 legimus.

169 621 252 692 Quae
285 619 399 678 Mucius
437 620 473 678 de
507 620 629 680 usitatis
661 621 771 698 legatis
804 620 901 679 dicere
934 621 992 680 sibi
1022 640 1090 698 pro·

76 712 230 788 posuerat,
249 707 410 767 secundum
429 726 529 767 rerum
548 708 727 784 dignitatem
746 728 815 768 eum
831 709 992 768 collocasse
1005 713 1091 786 puto.

76 801 182 877 itaque
201 817 237 858 ea
254 816 331 874 qnae
344 796 477 856 Mucium
495 797 530 856 de
545 797 636 856 fundo
652 789 699 879 (P.
717 790 781 876 14),
801 798 946 857 deservis
962 792 1008 879 (P.
1026 801 1090 877 17),

77 889 115 947 de
140 888 208 946 aliis
231 886 321 962 rebus
343 885 453 962 legatis
477 878 524 966 (P.
545 889 641 963 1-6,
662 889 712 963 17,
733 889 783 958 20,
803 878 860 967 22)
885 887 993 946 dixisse
1017 888 1090 965 legi·

76 995 155 1054 mus,
180 979 235 1035 hoo
259 973 361 1034 ordine
381 974 533 1033 collocavi.
574 993 651 1051 quae
670 975 705 1034 de
724 975 792 1034 aliis
810 974 900 1034 rebus
919 976 1089 1053 traduntur,

77 1069 124 1125 ita
150 1063 298 1142 disposui,
326 1062 412 1139 quasi
440 1063 535 1139 primo
563 1064 627 1122 loco
656 1063 693 1123 de
715 1083 795 1139 penu
818 1057 865 1143 (P.
887 1056 933 1145 1),
961 1064 1089 1124 secundo

77 1157 115 1213 de
139 1153 276 1229 vasibus,
303 1151 339 1210 de
363 1154 489 1227 argento
514 1154 544 1209 et
567 1171 640 1212 auro
665 1153 710 1229 (P.
733 1155 783 1228 17,
799 1156 850 1229 22,
865 1156 893 1226 5,
910 1145 958 1234 6),
981 1153 1089 1213 ultimo

77 1243 114 1302 de
138 1242 272 1302 restibus
296 1231 368 1320 (20)
390 1240 507 1298 Mucius
532 1241 692 1316 scripserit.

443 1365 498 1436 [De
516 1366 603 1432 suado
622 1366 729 1437 119111)

171 1461 198 1524 l.
226 1458 264 1522 D.
286 1458 344 1538 28,
367 1457 401 1539 5,
424 1456 481 1540 35,
505 1458 535 1522 3.
576 1455 737 1540 Ulpianus
765 1458 850 1522 libro
877 1463 993 1542 quarto
1019 1459 1091 1523 Dis·

76 1549 287 1632 putationum
310 1544 360 1633 (P.
380 1544 488 1631 87)..
508 1550 558 1609 est
581 1546 665 1629 apud
684 1545 824 1611 Mucium
849 1549 994 1629 relatum,
1019 1570 1091 1612 cum

78 1637 198 1701 firndns
223 1638 293 1700 erat
315 1637 443 1719 legatus
468 1635 519 1700 vel
543 1656 616 1700 cum
638 1635 855 1700 instrumento
878 1636 929 1699 vel
948 1658 1019 1701 cnm
1039 1637 1101 1700 his-

79 1747 164 1810 quae
183 1724 229 1789 ibi
249 1727 337 1788 sunt:
358 1744 532 1809 agasonem
622 1724 757 1788 missum
776 1725 811 1787 in
829 1724 940 1788 villam
960 1746 979 1787 a
997 1729 1089 1808 patre

77 1814 221 1879 familias
248 1834 315 1878 non
342 1812 503 1896 pertinere
532 1811 571 1876 ad
599 1811 688 1875 fundi
716 1812 861 1897 legatum
884 1811 1009 1878 Mucius
1036 1814 1090 1878 ait.

170 1903 199 1967 2.
227 1900 267 1966 D.
281 1902 333 1980 32,
347 1901 390 1966 55
401 1923 447 1983 pr.
481 1899 641 1984 Ulpianus
657 1901 740 1964 libro
756 1901 908 1965 vicesimo
923 1903 1034 1985 quinto
1050 1903 1090 1966 ad

79 1990 238 2057 Sabinum
258 1989 307 2075 (P.
326 1987 439 2076 2679).
540 1988 679 2064 Quintus
698 1988 822 2053 Mucius
847 1989 931 2053 libro
953 1991 1090 2055 secundo

76 2080 187 2163 refert,
211 2078 240 2144 si
262 2079 314 2143 cui
336 2079 427 2164 ligna
450 2078 558 2162 legata
581 2083 697 2161 essent,
720 2099 801 2161 quae
820 2077 855 2141 in
872 2077 971 2141 fundo
992 2086 1097 2163 erant,

78 2170 212 2235 arbores
245 2167 372 2252 quidem
403 2167 556 2231 materiae
586 2188 682 2231 cansa
711 2166 850 2230 succisas
879 2187 944 2230 non
973 2166 1091 2230 deberi.

449 2296 505 2366 [De
522 2312 597 2351 11111
615 2297 723 2368 leonto}

170 2390 199 2454 3.
232 2387 271 2452 D.
293 2388 347 2472 40,
367 2389 396 2469 7,
415 2388 457 2452 39
468 2410 515 2470 pr.
569 2385 746 2452 Javclenus
784 2389 868 2453 libro
901 2392 1017 2473 quarto
1052 2411 1090 2452 ex

77 2476 316 2564 posterioribus
344 2475 503 2541 Labeonis
533 2473 582 2563 (P.
608 2474 695 2562 196).
741 2475 899 2541 ‘Stichum
928 2477 1020 2541 Attio
1050 2477 1089 2542 do

76 2569 154 2653 lego
183 2570 216 2629 et
244 2566 271 2629 si
299 2568 327 2629 is
352 2565 381 2629 11
403 2587 552 2630 nummos
576 2571 706 2629 centum
732 2566 868 2650 dederit,
891 2567 975 2630 liber
999 2567 1097 2630 esto’.

79 2657 108 2720 si
138 2675 249 2719 servus
277 2676 316 2718 ex
344 2658 539 2718 testamento
566 2676 715 2718 nummos
740 2654 832 2719 Attio
856 2655 1008 2737 dedisset,
1036 2677 1090 2720 eos

77 2748 226 2828 repetere
258 2741 408 2806 heredem
440 2764 507 2806 non
539 2764 635 2828 posse
662 2742 771 2809 Labeo
805 2743 983 2826 existimat,
1016 2744 1091 2827 quia

78 2832 195 2898 Attius
214 2852 269 2896 eos
288 2853 308 2894 a
327 2852 418 2895 servo
439 2853 496 2895 suo
517 2831 682 2914 acceperit,
701 2854 767 2896 non
786 2833 826 2896 ab
844 2831 970 2896 heredis
991 2854 1091 2896 servo.

79 2944 154 2987 eum
180 2922 288 2984 autem
311 2920 535 2984 statuliberum
561 2941 629 2983 esse
654 2919 793 2996 Quintus
816 2919 951 3005 Mucius,
978 2919 1091 2984 Gallus

79 3016 114 3075 et
138 3012 207 3093 ipse
232 3007 339 3072 Labeo
363 3014 479 3092 putant
502 3056 532 3072 ..

171 3099 201 3162 4.
229 3095 269 3160 D.
283 3098 335 3175 33,
350 3096 380 3181 5,
394 3097 424 3177 9,
439 3098 469 3162 2.
501 3094 649 3161 Julianus
668 3098 751 3161 libro
768 3096 935 3181 trigesimo
952 3097 1090 3162 secundo

79 3187 293 3272 Digestorum
303 3183 351 3270 (P.
362 3183 452 3268 465).
477 3186 658 3267 quaesitum
673 3191 730 3266 est,
747 3186 773 3249 si
785 3186 915 3269 optione
926 3207 1090 3250 servorum

80 3277 170 3352 data,
200 3278 372 3358 antequam
402 3278 562 3357 optarem,
592 3274 736 3338 condicio
766 3279 906 3338 statutae
930 3273 1090 3338 libertatis

80 3363 262 3445 defecisset,
285 3385 328 3426 an
350 3360 496 3427 Stichum
521 3368 634 3445 optare
657 3365 788 3445 possim.
825 3366 903 3444 puto
922 3362 1091 3427 Mucianae

82 3452 263 3518 sententiae
300 3450 556 3533 adsentiendum,
594 3473 657 3534 qua
694 3453 801 3536 placet
835 3451 910 3534 ipsa
942 3451 1103 3514 libertate

81 3543 226 3627 legatum
245 3541 382 3623 peremi,
406 3562 473 3607 non
499 3540 634 3610 datione
660 3546 811 3610 statutae
827 3540 1022 3608 libertatis.
