2422 3840
122 110 124 116 Ι
137 159 204 224 354
237 158 310 216 VIII.
325 158 456 216 OOTAVl
471 158 676 215 sabulonis
692 157 862 215 CONSULT.
874 159 998 214 saulus
1012 159 1152 215 TERTIA

552 328 599 387 Dc
622 329 729 402 tepolis.

477 435 521 489 De
537 434 688 504 partitione
706 435 803 504 tapeta

228 536 255 600 1.
285 535 324 601 D.
344 537 401 619 32,
421 535 478 620 29,
499 536 527 600 1.
575 534 684 600 Labeo
713 535 795 604 libro
825 535 963 600 secundo
988 537 1150 618 posterio-

135 647 209 688 rum
237 647 256 689 a
279 623 433 690 Iauoleno
458 625 709 708 epitomatorum
733 623 781 707 (P.
798 620 885 710 171).
926 622 1008 690 Oum
1033 624 1081 688 ita
1104 627 1149 689 le·

136 716 247 797 gatum
278 716 376 796 esset,
406 717 443 777 ut
473 712 562 777 Titia
594 734 674 777 uxor
703 734 775 777 mea
805 712 992 778 tantundem
1020 717 1148 796 partem

134 801 255 866 habeat
283 797 442 889 (capiat?)
473 801 663 885 quantulam
692 823 775 866 unus
805 801 912 885 heres,
942 801 972 866 si
1000 823 1066 865 non
1097 825 1149 867 ae·

136 890 246 974 quales
282 895 392 975 partes
430 893 539 954 essent
574 888 742 974 heredum,
780 889 917 966 Quintus
950 886 1076 954 Mucius
1114 895 1149 956 et

135 978 247 1044 Gallus
270 978 432 1062 putabant
454 979 628 1043 maximam
651 983 776 1062 partem
799 979 942 1064 legatam
966 977 1044 1063 esse,
1069 979 1148 1063 quia

134 1068 169 1131 in
192 1068 313 1132 maiore
336 1069 441 1133 minor
464 1088 590 1151 quoque
612 1067 743 1147 inesset,
763 1065 893 1132 Servius
913 1066 1029 1131 Ofilius
1051 1068 1148 1131 mini·

135 1178 234 1235 mam,
263 1157 339 1241 quia
366 1177 439 1221 cum
465 1155 559 1221 heres
582 1155 657 1220 dare
682 1155 852 1220 damnatus
877 1159 977 1236 esset,
999 1155 1034 1219 in
1056 1162 1148 1240 pote·

135 1247 221 1310 state
244 1245 312 1309 eius
336 1248 434 1328 esset,
458 1266 554 1329 quam
578 1248 703 1329 partem
727 1245 826 1309 daret.

351 1383 395 1439 Dc
412 1384 572 1453 supellectili
590 1388 615 1439 ct
632 1383 812 1438 instrumento
831 1383 926 1454 loquio.

223 1475 252 1538 2.
276 1472 315 1538 D.
334 1474 385 1558 33,
401 1476 429 1557 l,
445 1475 501 1558 26,
521 1476 550 1540 1.
590 1473 680 1538 Idem
704 1470 902 1561 (Iavolenus)
927 1475 1009 1540 libro
1029 1476 1146 1559 quinto

134 1583 172 1625 ex
195 1563 427 1646 posterioribus
450 1561 613 1628 Labeonis
637 1560 685 1647 (P.
700 1561 790 1649 215).
830 1563 934 1628 Molas
958 1566 1145 1630 manuarias

134 1649 522 1804 itidedfilisdpealictffis'
553 1651 762 1716 iumentarias
796 1656 905 1717 autem
937 1653 1146 1718 instrumenti

223 1833 260 1894 ef.
279 1853 371 1911 snpra
392 1853 421 1911 p.
438 1836 500 1894 173
522 1826 573 1914 (fr.
589 1826 646 1916 20)
670 1838 700 1893 et
722 1854 752 1910 p.
768 1837 829 1895 182
850 1829 901 1914 (fr.
916 1835 983 1915 44).

490 1968 535 2024 Dc
552 1968 663 2025 ancillis
681 1968 784 2039 tepetis.

222 2059 252 2125 3.
280 2058 318 2125 D.
338 2060 390 2143 30,
409 2060 452 2125 45
461 2081 510 2142 pr.
546 2060 745 2144 Pomponius
768 2061 852 2124 libro
877 2065 967 2125 sexto
991 2060 1031 2124 ad
1051 2059 1145 2127 Sabi·

132 2169 210 2212 num
239 2145 288 2234 (P.
312 2147 401 2233 498).
445 2147 480 2214 si
512 2171 531 2213 a
564 2149 740 2214 substituto
772 2147 889 2232 pupilli
921 2148 1053 2213 ancillas
1082 2151 1145 2216 tibi

133 2236 292 2321 legassem
325 2259 441 2320 easque
471 2240 509 2303 tu
538 2259 558 2301 a
588 2237 709 2322 pupillo
741 2238 873 2302 emisses
906 2242 939 2301 et
969 2242 1144 2322 antequam

134 2325 231 2390 scires
256 2325 318 2389 tibi
341 2327 466 2410 legatas
491 2347 560 2390 esse
584 2326 784 2409 alienaveris,
806 2326 886 2390 utile
905 2325 1051 2411 legatum
1072 2349 1145 2393 esse

131 2411 285 2478 Neratius
309 2418 342 2477 et
364 2414 477 2478 Aristo
502 2418 535 2479 et
558 2413 671 2478 Ofilius
693 2414 843 2498 probant.

410 2578 457 2637 De
479 2582 642 2639 testamento
664 2581 861 2638 manumissis.

220 2688 250 2753 4.
283 2687 322 2753 D.
340 2688 397 2767 40,
415 2687 449 2770 4,
468 2687 525 2772 40,
550 2687 579 2754 1.
618 2687 815 2772 Pomponius
842 2687 927 2754 libro
955 2688 1067 2775 quinto
1102 2713 1143 2755 ex

80 2823 83 2831 ·
131 2774 260 2840 Plautio
276 2774 323 2860 (P.
339 2773 428 2863 345).
456 2799 595 2842 ...oum
609 2777 668 2843 sub
688 2776 875 2843 condicione
895 2798 986 2844 servo
1005 2777 1143 2844 libertas

133 2886 191 2948 per
218 2864 499 2931 fideicommissum
528 2867 621 2930 detur
643 2869 676 2930 et
697 2865 767 2950 ipse
791 2867 952 2949 praesenti
975 2865 1025 2930 die
1050 2866 1142 2933 dare-

130 2963 197 3038 tur,
233 2975 299 3018 non
331 2953 426 3019 aliter
456 2952 650 3037 mancipore¹
683 2976 756 3020 eum
789 2958 935 3039 cogetur,
973 2976 1070 3038 quam
1104 2960 1145 3021 ut

131 3047 282 3108 caveatur
305 3043 461 3108 existente
485 3043 670 3109 condicione
693 3043 836 3108 libertati
858 3064 930 3107 eum
950 3044 1141 3109 restitutum

130 3132 184 3214 iri3
206 3153 283 3195 nam
305 3132 338 3196 in
363 3132 512 3196 omnibus
535 3132 602 3197 iere
625 3132 730 3197 causis
754 3131 1017 3197 fideicommissas
1042 3132 1142 3197 liber-

130 3224 215 3285 tates
242 3243 300 3304 pro
330 3221 452 3286 directo
476 3219 560 3285 datis
583 3220 758 3285 habendas.
804 3220 857 3284 sed
882 3219 996 3285 Ofilius
1021 3220 1144 3306 aiebat,

131 3310 158 3373 si
191 3309 351 3374 adimendi
383 3308 486 3395 legati
518 3331 616 3374 causa
642 3309 924 3374 fideicommissam
952 3309 1141 3376 libertatem

130 3401 269 3463 testator
292 3398 445 3481 dedisset,
473 3420 511 3462 ea
535 3421 611 3463 vera
634 3418 717 3481 esse,
741 3398 768 3462 si
792 3419 867 3463 vero
893 3399 1022 3463 onerari
1045 3399 1143 3464 here-

211 3527 326 3583 Iff'rc'b.
348 3526 468 3583 tradere.
