2422 3840
317 171 340 221 1.
363 164 491 220 APPIUS
512 164 690 220 CLAUDIUS
709 163 845 221 CAEOUS
1064 166 1085 229 5

75 335 256 409 usurpatum
279 351 355 393 esse:
382 335 537 409 proprium
560 334 640 392 enim
663 334 805 409 cuiusque
829 352 932 394 eorum
954 333 1002 392 ius
1025 334 1085 392 fuit

75 440 172 498 neque
186 441 240 498 per
254 422 347 480 alium
360 422 500 498 usurpari
513 414 638 497 potuit'3
658 421 762 481 Celsus
776 422 942 497 respondit:
1015 416 1084 481 ‘sibi

75 511 201 587 quisque
230 511 417 571 dominorum
441 516 569 587 usurpat
592 511 783 587 servitutem,
812 510 950 569 sibinen
974 512 1084 570 utendo

76 591 246 679 deperdit')
277 600 325 658 vel
356 603 502 674 quatenus
529 602 693 675 usurpetur
720 591 907 680 (Iavolenusz
940 593 1033 675 ‘aqna
1060 600 1086 658 si

74 688 106 746 in
138 690 256 763 partem
285 688 396 766 aquagi
422 687 555 763 influxit,
587 688 704 747 etiamsi
731 707 791 748 non
818 689 857 746 ad
883 687 992 746 ultima
1019 689 1085 748 locu

75 777 223 852 pervenit,
249 777 386 835 omnibns
408 778 508 835 tamen
531 776 668 853 partibus
691 769 895 857 usurpatur').

165 865 200 923 In
225 864 417 942 Digestorum
444 865 535 924 titulo
565 859 617 924 ‘de
644 865 891 941 usurpationibus
921 867 951 924 et
979 883 1084 924 usuca-

75 947 227 1028 pionibus’
248 952 305 1012 (ιιι
327 955 404 1012 hanc
426 954 605 1012 sententiam
624 954 751 1031 legimus
771 945 805 1035 (l.
824 945 872 1034 5):
896 947 1086 1012 ‘naturaliter

74 1042 307 1117 interrumpitur
348 1042 508 1118 possessio,
549 1060 616 1101 oum
655 1042 722 1118 quis
760 1042 796 1101 de
831 1043 1017 1117 possessione
1055 1043 1107 1101 vi.

75 1130 206 1189 deicitur
233 1131 281 1189 vel
310 1131 399 1190 alicui
425 1149 473 1190 res
501 1132 636 1207 eripitur.
678 1150 736 1208 quo
765 1150 836 1190 casu
858 1150 918 1189 non
941 1131 1084 1190 adversus

75 1238 145 1278 eum
180 1221 312 1293 tantum,
350 1219 401 1296 qui
433 1219 535 1294 eripit,
571 1219 803 1294 interrumpitur
836 1220 997 1296 possessio,
1034 1219 1085 1278 sed

75 1307 219 1367 adversus
248 1326 358 1367 omnes.
404 1327 458 1367 nec
482 1327 516 1367 eo
540 1326 612 1366 casu
628 1307 795 1385 ¹quicquam
817 1309 956 1385 interest,
984 1309 1009 1366 is
1034 1308 1085 1384 qui

73 1395 267 1471 usurpaverit
295 1396 431 1456 dominus
460 1395 500 1455 sit
525 1415 580 1456 nec
607 1417 644 1456 ne
668 1442 675 1456 .
695 1443 702 1457 .
723 1389 744 1454 ‚⁹
793 1397 892 1456 verbis
920 1391 1084 1456 ‘natura-

73 1485 173 1544 liter
213 1485 445 1560 interrumpitur
485 1479 645 1561 possessio’
684 1485 765 1560 apud
803 1484 911 1545 Gaium
947 1485 1086 1561 opposita

73 1573 168 1632 fuisse
206 1573 266 1631 alia
302 1592 320 1631 ι
357 1573 602 1650 compilatoribus
638 1575 738 1633 deletu
776 1567 956 1633 ‘civiliter
991 1575 1085 1632 inter·
1155 1603 1159 1610 ·

72 1655 243 1737 rumpitur'
279 1662 341 1720 iam
378 1662 416 1720 ab
453 1663 520 1722 aliis
562 1663 751 1723 observatum
793 1667 858 1741 est.
906 1665 937 1722 ιι
974 1662 1084 1739 optime

72 1749 195 1827 accidit,
224 1745 302 1826 quod
332 1749 436 1810 Cicero
464 1751 560 1811 civilis
588 1751 817 1827 interruptionis
844 1751 971 1810 formam
999 1751 1084 1810 nobis

72 1837 177 1916 tradit,
197 1838 516 1916 cumdeorat.3,26,
533 1842 595 1899 110
615 1840 670 1898 ait:
690 1834 709 1896 ἦ
725 1885 731 1897 ,
747 1885 753 1898 .
768 1842 807 1897 ut
826 1859 866 1898 ex
884 1839 962 1898 iure
982 1839 1085 1898 civili

72 1927 193 1986 surculo
236 1927 428 2005 defringendo
455 1946 650 2003 usurpare
695 1921 879 1987 videantur’.
944 1926 1084 1986 Huschke

72 2016 104 2074 Z.
138 2016 158 2076 f.
193 2014 255 2077 civ.
289 2037 316 2076 u.
347 2017 430 2076 Proc.
458 2016 494 2075 N.
522 2017 554 2077 F.
590 2016 623 2075 ΙΙ
647 2018 709 2075 142
724 2016 754 2073 ff.
818 2015 970 2092 Boeclring
1009 2015 1084 2072 Pan·

72 2105 185 2163 dekten
207 2105 237 2162 ΙΙ
260 2102 280 2180 ἕ
301 2106 363 2164 148
389 2125 417 2180 p.
438 2107 499 2165 116
514 2106 533 2165 f.
562 2105 701 2164 Karlowa
719 2104 750 2162 Π
772 2125 800 2180 p.
820 2105 893 2162 401.
931 2103 1085 2162 surculum

72 2192 243 2269 defringere
280 2194 426 2252 actionem
464 2212 527 2253 esse
563 2194 661 2269 lapilli
696 2193 788 2252 iactui
828 2191 955 2251 similem
993 2195 1083 2268 atque

72 2287 236 2358 utrumqne
258 2281 387 2341 testibus
410 2282 618 2357 praesentibus
641 2283 706 2341 fieri
733 2284 865 2358 apparet.
907 2279 944 2339 de
963 2281 1082 2340 surculo

73 2370 271 2447 defringendo
296 2368 439 2429 Sabinum
466 2390 584 2447 quoque
607 2372 638 2429 in
661 2372 735 2429 iuris
758 2371 854 2430 civilis
878 2369 963 2428 libris
987 2370 1083 2446 egisse

73 2477 109 2517 ex
129 2458 229 2518 Pauli
236 2458 391 2518 verbisD.
412 2461 464 2533 43,
484 2461 535 2534 24,
554 2463 604 2537 20,
628 2457 841 2534 §leonicere
860 2459 986 2517 fortasse
1006 2458 1083 2517 licet.

73 2552 154 2606 certe
182 2546 373 2648 Ulpianus'
365 2567 396 2605 ιιι
425 2547 510 2607 libris
537 2548 576 2606 ad
603 2549 681 2607 edict
670 2553 734 2606 tum
762 2540 921 2607 definit:
929 2545 1083 2622 usurpatio

73 2639 121 2695 est
143 2635 335 2711 usucapionis
358 2629 554 2711 interruptio’
579 2636 614 2695 D.
633 2639 684 2695 41.
705 2639 733 2696 3.
754 2639 783 2694 2

85 2773 87 2777 .
162 2724 271 2782 Mulier
303 2744 377 2800 quae
410 2724 473 2783 sine
505 2727 553 2783 tut
540 2727 614 2784 teris
647 2726 828 2785 auctoritate
858 2724 989 2799 mancipi
1021 2743 1085 2782 rem

72 2812 249 2872 vendiderat
276 2815 308 2872 et
334 2813 512 2890 tradiderat,
540 2833 605 2872 eam
634 2813 797 2873 secundum
819 2812 971 2871 Iulianum
995 2831 1083 2870 usur·
1188 2868 1192 2875 ,

72 2903 175 2978 pabat,
199 2902 224 2960 si
248 2904 317 2960 ante
339 2902 551 2977 usucapionem
574 2903 704 3003 pretium
721 2903 766 2960 rei
784 2904 939 2976 acceptum
958 2902 1085 2975 emptori

73 3008 174 3049 eoram
207 2993 268 3049 test
269 2985 339 3049 ibus
371 2991 546 3064 efferrebat,
579 3009 648 3048 nam
675 2991 706 3049 in
734 2991 802 3050 Vat.
831 2991 867 3050 sr.
896 2987 916 3063 ἓ
943 2992 958 3047 1
989 2989 1085 3061 Pauli,

72 3081 108 3136 ut
136 3078 270 3153 videtur,
298 3079 371 3138 haec
398 3079 490 3139 verba
515 3072 706 3156 legimusz.
722 3077 960 3138 ..Iulianus..
977 3096 1088 3148 .eum,

73 3168 123 3242 qui
161 3167 293 3268 pretium
329 3167 448 3226 mulieri
485 3167 629 3243 dedisset,
666 3167 758 3226 etiam
793 3184 958 3241 usucapere
995 3166 1084 3224 etsi

73 3258 144 3314 ιιιιι
167 3256 380 3331 usucapionem
404 3257 509 3315 offerat
533 3257 640 3315 mulier
662 3255 832 3332 pecuniam,
857 3254 991 3313 desinere
1015 3273 1085 3312 eum

71 3339 255 3420 usucapere'
278 3345 414 3445 putabat.

163 3433 272 3491 Mulier
298 3433 363 3492 viro
392 3432 477 3511 quasi
505 3433 617 3496 ancilla
641 3437 675 3498 et
697 3427 1028 3498 consuluissemus.
1041 3422 1133 3477 uuaz

72 3522 152 3594 apud
180 3539 246 3579 cum
276 3522 378 3602 degat,
411 3543 449 3585 ex
477 3526 647 3592 duodecim
678 3529 805 3593 tabulis
834 3520 942 3585 nunilo
971 3514 1089 3571 minus
1112 3499 1161 3550 ‘m
