2422 3840
301 160 327 213 8.
355 154 505 211 SERVIUS
525 155 707 212 SULPICIUS
725 155 844 212 RUFUS
1016 155 1078 220 189

79 341 146 384 nem
169 319 262 385 uxori
283 320 455 385 donassetr·
472 341 547 383 nam
568 341 605 384 ex
624 318 720 384 tertia
738 324 831 402 parte
850 320 994 383 mulieris
1013 341 1079 384 rem

78 410 190 474 fartam
217 430 283 474 non
311 429 390 493 esse,
417 430 456 472 ex
479 408 603 472 duabus
633 412 738 472 autem
767 408 914 492 partibus
937 410 1080 492 reliquis,

80 498 104 561 si
132 497 164 561 id
197 497 335 562 scissent
365 497 482 562 fratum
515 500 572 561 aut
604 501 815 581 posteaquam
847 497 968 561 donata
996 505 1081 562 esset

79 591 178 650 ratum
192 586 393 666 habuissent,
411 607 477 650 non
496 584 611 649 debere
630 586 797 649 mulierem
813 584 925 669 (rem)
939 585 1080 652 reddere.

160 687 362 748 Tribonianus
394 687 483 747 Pauli
518 688 568 747 vel
599 687 701 746 Alfeni
734 688 899 747 orationem
931 689 1080 764 eorrupit:

80 794 141 834 nam
164 776 290 854 legitur:
314 770 497 836 ‘idemiuris
520 777 604 849 erit,
702 795 771 835 nam
791 824 818 836 ..
838 796 891 834 res
914 778 999 836 faeta
1021 796 1081 837 non

81 859 144 924 est'
167 868 198 924 et
220 884 248 941 q.
268 883 290 926 s.
316 865 497 925 sententiam
523 869 640 941 partem
667 865 803 941 responsi
829 866 922 924 fuisse
946 870 1081 942 apparet.

162 966 214 1031 69.
241 965 281 1032 D.
295 966 348 1048 24,
364 967 392 1050 1,
406 968 457 1048 38.
492 966 629 1031 Alfenus
651 967 737 1031 libro
756 967 853 1031 tertio
872 966 1080 1052 Digestorum

82 1075 99 1117 a
116 1054 216 1120 Panlo
240 1055 490 1139 epitomatorum
508 1051 559 1140 (P.
577 1053 645 1141 59).
682 1054 799 1120 Servus
824 1057 1001 1121 eommunis
1021 1057 1081 1120 viri

83 1148 111 1207 et
130 1143 240 1208 fratris
264 1143 332 1209 eius
359 1166 494 1229 puerum
517 1143 650 1209 donavit
672 1144 765 1209 uxori
788 1145 912 1209 fratris:
934 1167 994 1228 pro
1018 1167 1082 1228 qua

83 1232 217 1314 parteis
241 1254 353 1297 servus
382 1234 436 1317 qui
460 1233 612 1297 donasset
637 1234 698 1298 viri
721 1237 819 1316 esset,
847 1256 904 1317 pro
929 1255 967 1298 ea
988 1239 1081 1318 parte

84 1342 190 1386 munus
213 1342 281 1386 non
304 1343 373 1385 esse
396 1322 518 1387 factum
541 1322 685 1386 mulieris
708 1321 883 1405 respondit.

164 1410 215 1475 70.
231 1409 308 1474 Vat.
321 1409 360 1475 fr.
370 1410 445 1476 294.
468 1460 493 1475 ..
512 1432 584 1474 eum
603 1411 688 1475 filius
702 1410 736 1474 in
752 1412 909 1476 divisione
924 1412 1081 1476 bonorum

85 1518 172 1579 penes
199 1498 349 1582 fratrem,
382 1499 468 1584 quod
498 1503 591 1583 pater
616 1499 805 1578 donaverat,
837 1521 944 1565 errore
971 1501 1082 1584 lapsus

85 1587 219 1671 reliquit,
245 1588 431 1671 portionem
459 1590 529 1652 eius
551 1611 618 1653 non
641 1609 711 1653 esse
736 1593 864 1673 captam
887 1612 947 1654 usu
970 1586 1081 1654 Servio

86 1671 218 1760 Sulpicio
251 1676 401 1760 plaeuit[,
433 1677 516 1761 quod
545 1698 648 1761 neque
675 1677 775 1741 frater
802 1679 871 1762 ipse
899 1678 1083 1762 donaverat,

84 1783 176 1848 neque
198 1769 291 1850 pater
314 1765 434 1830 donare
456 1768 609 1850 poterat}

163 1878 200 1937 ef.
218 1877 299 1936 infra
322 1871 369 1936 tde
391 1871 586 1955 usucapione'
609 1880 657 1937 79.

495 2048 542 2106 De
564 2042 667 2106 tutelis.

165 2157 217 2221 71.
253 2154 292 2221 D.
316 2156 373 2239 26,
398 2159 432 2242 1,
454 2159 488 2240 3,
511 2159 542 2221 4.
595 2155 756 2240 Ulpianus
793 2156 877 2219 libro
913 2155 1081 2238 trigesimo

85 2245 215 2328 septimo
235 2244 274 2309 ad
296 2242 453 2310 Sabinum
473 2244 522 2331 (P.
538 2245 648 2329 2837).
688 2242 738 2328 (si
757 2244 901 2327 pupillus
920 2243 1083 2326 pupillave

84 2352 148 2397 eum
171 2333 258 2398 iusto
281 2336 388 2398 tutore
411 2339 540 2398 tutorve
564 2356 635 2398 eum
660 2355 771 2398 eorum
795 2355 857 2418 quo
881 2334 971 2397 litem
991 2332 1082 2416 <lege

84 2427 133 2486 aut
154 2421 302 2507 legitimo
325 2422 465 2505 iudicio>
490 2443 584 2508 agere
608 2423 679 2487 vult
702 2426 735 2486 et
758 2428 847 2486 tutor
869 2422 903 2485 in
925 2443 996 2485 eam
1015 2443 1082 2485 rem

83 2512 198 2591 petitur
226 2507 303 2598 ...)
354 2512 381 2576 si
417 2512 559 2596 pupillus
596 2515 686 2594 petat
716 2513 816 2577 talem
849 2510 994 2576 tutorem¹
1025 2533 1083 2575 neo

82 2599 175 2664 addat
198 2599 232 2663 in
257 2620 353 2683 quam
375 2622 455 2684 rem,
478 2622 519 2664 an
542 2601 574 2664 in
599 2621 710 2664 omnes
734 2600 969 2665 controversias
989 2600 1083 2664 datus

82 2688 141 2753 sit?
184 2692 217 2752 et
240 2687 287 2753 ait
309 2685 423 2753 Celsus
443 2686 588 2754 Servium
611 2690 818 2754 constituisse
841 2691 876 2754 in
899 2711 1010 2753 omnes
1033 2711 1084 2752 res

81 2775 187 2842 datum
212 2776 322 2841 videri.

149 2886 163 2934 1
188 2880 375 2936 Trebonianos
393 2882 557 2935 curatorem.

166 2983 211 3044 cf.
241 2984 305 3046 Gai.
328 2986 351 3045 L
372 2988 448 3046 184:
486 2984 565 3046 Olim
596 3006 663 3046 eum
694 2987 770 3065 legis
803 2988 933 3046 actiones
965 2987 997 3043 in
1029 3005 1085 3043 usu

80 3078 172 3152 erant,
197 3073 289 3133 etiam
312 3094 348 3134 ex
370 3076 424 3134 illa
446 3094 537 3134 eausa
554 3079 639 3135 tutor
657 3075 794 3153 (labatur,
818 3076 844 3133 si
861 3077 939 3133 inter
957 3077 1086 3133 tutorem

80 3166 108 3222 et
139 3161 297 3222 mulierem
327 3164 511 3240 pupillumve
541 3166 606 3241 lege
634 3165 782 3241 agendum
809 3166 886 3239 erat3
916 3182 986 3221 nam
1015 3161 1086 3237 quia

79 3251 140 3327 ipse
179 3254 265 3311 tutor
300 3252 332 3310 in
365 3272 397 3311 re
429 3272 485 3312 sua
516 3256 622 3313 auctor
653 3271 717 3312 esse
748 3271 806 3311 non
838 3253 970 3328 poterat,
1007 3249 1086 3309 alius

80 3341 221 3416 dabatur,
249 3359 308 3417 quo
336 3344 457 3400 auctore
484 3342 561 3418 legis
589 3342 667 3400 aetio
693 3339 905 3427 peragebatur,
934 3339 984 3416 qui
1009 3339 1086 3398 dioe-

80 3428 167 3488 batur
196 3430 365 3504 praetorius
392 3432 487 3504 tutor,
516 3430 588 3506 quia
612 3449 629 3488 a
651 3432 788 3506 praetore
813 3429 925 3488 urbano
949 3428 1086 3487 dabatur.

80 3516 148 3594 Ulp.
170 3521 221 3594 11,
236 3520 290 3578 24:
320 3519 452 3579 Moribus
479 3521 564 3580 tutor
588 3520 677 3580 datur
699 3518 824 3579 mulieri
841 3517 1021 3596 papilione,
1040 3518 1100 3589 opu
