2422 3840
104 173 148 237 94
184 171 232 228 IV.
251 171 396 226 SEPTIMI
409 169 509 227 SAEC.
523 168 620 223 1111118
638 168 812 224 CONSULT.
827 167 952 222 saulus
966 168 1120 224 ALTERA

106 361 145 400 an
173 342 289 399 fructus
317 357 399 398 meos
421 339 537 398 faciam.
583 337 774 414 Pomponius.
793 337 970 414 verendum,
997 357 1035 396 ne
1060 357 1123 398 non

105 431 145 489 sit
167 430 262 488 bonae
285 428 355 486 fidei
378 445 532 503 possessor
555 422 623 486 ...'

397 587 453 658 [De
470 589 567 643 itinere
585 603 672 657 aquae
690 585 821 657 venditu]

192 691 222 753 8.
245 686 284 753 D.
299 689 328 770 8,
343 689 373 767 3,
390 687 439 752 15.
469 687 664 771 Pomponius
679 687 762 750 libro
778 688 970 772 trigensinro
984 692 1118 755 secundo

102 778 142 842 ad
162 776 315 853 Quintum
333 775 476 840 Mucium
495 775 544 861 (P.
560 772 649 862 311).
685 775 823 851 Quintus
842 774 967 841 Mucius
991 779 1117 859 scribit,

103 889 176 930 curn
202 866 266 930 iter
293 886 395 950 aquae
420 865 473 930 vel
497 865 691 930 cottidianae
715 864 766 928 vel
790 865 932 929 aestivae
955 866 1006 931 vel
1030 889 1116 949 quae

101 955 274 1019 intervalla
296 953 444 1038 longiora
467 951 588 1017 habeat
607 975 664 1036 per
683 953 824 1017 alienum
842 952 976 1018 fundum
995 958 1116 1021 munu-

96 1049 209 1127 putum
232 1040 281 1128 (iu
303 1044 371 1107 turc
388 1038 540 1128 cessuml)
560 1039 649 1124 eritl,
672 1042 767 1105 licere
785 1042 929 1106 fistulam
948 1065 1042 1107 suam
1062 1046 1115 1110 vel

100 1133 233 1197 fictilem
248 1132 299 1196 vel
313 1131 483 1196 cuiuslibet
497 1130 623 1214 generis
637 1132 672 1193 in
686 1131 755 1195 rivo
770 1151 888 1214 ponere
901 1153 983 1215 quae
993 1155 1114 1217 aquarn

101 1223 199 1286 latins
223 1220 426 1303 exprimeret,
449 1222 481 1282 et
504 1219 589 1303 quod
612 1219 709 1283 vellet
732 1219 766 1282 in
790 1219 860 1283 rivo
880 1218 985 1284 faeere
1004 1222 1114 1306 licere,

102 1311 176 1374 dum
201 1331 248 1372 ne
265 1309 394 1373 domino
419 1308 543 1391 praedii
567 1307 742 1392 aquagium
765 1307 905 1373 deterius
928 1309 1060 1374 faceret.

190 1421 225 1480 cf.
247 1419 311 1479 Gai.
330 1419 374 1497 II,
399 1421 449 1479 29.
481 1421 549 1477 iura
575 1418 764 1494 praediorum
786 1419 971 1478 urbanorum
992 1421 1024 1479 in
1048 1423 1116 1482 iure

102 1509 166 1568 cedi
190 1504 352 1588 (tanturn)
375 1511 511 1586 possunt,
533 1508 715 1567 rusticorum
737 1525 808 1567 vero
830 1508 922 1567 etiam
940 1510 1115 1586 mancipare

99 1600 233 1676 possunt

353 1677 409 1748 [De
425 1679 544 1732 hominis
561 1679 709 1743 usufructu
727 1678 856 1749 vendito]

187 1781 216 1842 9.
241 1779 278 1844 D.
297 1780 350 1859 40,
371 1779 421 1861 12,
438 1780 537 1863 23pr.
570 1777 689 1842 Paulus
707 1777 792 1842 libro
812 1778 1108 1863 quinquagensimo

99 1867 140 1931 ad
167 1867 305 1932 edictum
329 1864 377 1955 (P.
393 1864 482 1954 642).
529 1866 563 1932 si
588 1866 824 1930 usumfructum
847 1866 908 1930 tibi
931 1867 1109 1933 vendidero

98 1957 192 2021 liberi
223 1957 362 2021 hominis
394 1957 553 2041 <pretium
586 1954 834 2040 participantis>
866 1959 896 2019 et
930 1955 986 2037 <in
1013 1956 1109 2041 iure>

98 2066 237 2130 cessero,
270 2067 396 2110 servum
429 2045 513 2109 effici
545 2067 617 2108 eum
650 2044 774 2108 dicebet
805 2042 943 2119 Quintus
970 2043 1111 2129 Mucius,

98 2134 153 2198 sed
186 2135 364 2199 dominium
393 2135 440 2197 ita
467 2134 595 2197 demum
623 2133 693 2195 fieri
720 2154 840 2215 meum,
872 2132 900 2196 si
930 2133 1016 2198 bona
1043 2134 1110 2200 fide

101 2223 327 2304 vendidissem,
351 2223 493 2306 alioquin
517 2221 585 2284 sine
609 2222 738 2285 domino
761 2222 839 2285 fore.

189 2311 252 2376 10?
275 2310 314 2374 D.
331 2311 381 2392 18,
402 2311 430 2391 l,
451 2310 500 2374 19.
532 2309 620 2372 Idem
636 2305 864 2396 (Pomponius)
884 2310 966 2374 libro
986 2311 1110 2397 trigen-

97 2401 178 2464 simo
202 2399 306 2482 primo
329 2398 368 2461 ad
388 2396 543 2473 Quintum
561 2396 702 2462 Mucium
723 2395 771 2484 (P.
790 2397 878 2482 302).
920 2398 1012 2474 Quod
1032 2422 1108 2464 ven-

99 2489 164 2552 didi
180 2509 246 2551 non
261 2487 355 2550 aliter
369 2487 407 2550 fit
421 2486 617 2571 accipientis,
636 2508 731 2571 quarn
747 2488 774 2551 si
788 2491 844 2551 ant
857 2490 996 2571 pretium
1011 2490 1108 2554 nobis

97 2578 238 2641 solutum
271 2576 314 2640 sit
345 2580 402 2640 aut
433 2576 510 2639 satis
540 2597 577 2641 eo
605 2576 736 2641 nomine
763 2575 884 2640 factum
915 2576 979 2656 [rel
1007 2578 1107 2642 etiam

96 2665 191 2728 fidem
216 2664 422 2728 habuerimus
446 2665 584 2748 emptori
609 2665 677 2728 sine
700 2665 767 2728 ulla
790 2664 1037 2746 satisfactione}

184 2777 285 2835 Etiam
303 2777 381 2834 hane
400 2777 578 2836 sententiam
597 2778 632 2835 Α.
647 2775 769 2835 Pernioe
788 2776 887 2834 Labeo
904 2775 997 2836 1458
1017 2797 1045 2835 n.
1064 2780 1104 2837 15

98 2864 130 2935 Q.
153 2864 252 2924 Mucio
276 2865 427 2942 attribuit3
452 2885 489 2924 an
512 2870 592 2925 recte
617 2864 730 2924 dubito.

494 3077 602 3137 Liber
626 3077 706 3138 XIV.

338 3195 385 3252 Dc
408 3195 547 3253 consortio
571 3197 596 3251 et
618 3194 653 3252 dc
674 3194 862 3251 societatibus.

183 3308 215 3377 Q.
242 3309 375 3368 Mucium
406 3309 462 3367 hoe
489 3308 566 3366 libro
595 3307 631 3366 de
660 3307 854 3366 societatibus
882 3307 1037 3384 scripsisse
1066 3329 1101 3368 ex

93 3397 130 3456 iis
163 3398 328 3475 colligitur,
361 3416 437 3474 quae
469 3397 581 3455 Paulus
613 3397 649 3454 D.
676 3399 725 3473 17,
746 3399 778 3470 2,
801 3399 842 3455 30
873 3396 976 3458 tradit.
1026 3398 1101 3456 item
1128 3393 1132 3402 '

161 3546 175 3592 1
200 3539 238 3594 F.
256 3557 311 3608 per
329 3540 451 3594 alienum
470 3540 587 3594 fundum
607 3539 668 3595 erit.
