2422 3840
142 190 205 253 298
232 188 306 245 Vlll.
322 188 455 244 OCTAVI
470 187 568 243 SAEC.
578 186 675 242 IURlS
690 185 998 242 consultissimus
1012 185 1150 240 TERTIA

374 388 376 392 Α
428 358 471 410 De
488 356 622 425 mancipii
640 357 748 426 optione
767 357 864 425 tepula.

232 459 281 522 19.
309 458 347 522 Ι).
368 456 551 543 35,1,28,
572 456 600 520 1.
632 455 753 520 Paulus
775 456 859 521 libro
884 455 1021 520 secundo
1046 456 1150 540 epito-

141 553 306 635 matorum,
331 546 439 610 Alfeni
467 544 676 630 Digestorum
703 540 752 631 (P.
771 545 828 628 36,
849 542 889 629 l).
940 542 982 608 ‘A
997 545 1044 608 tia
1068 567 1151 610 uxor

125 659 213 702 ‘mea
240 639 353 720 optato
385 633 611 718 Philargyrum
643 655 777 717 puerum
811 637 867 697 aut
893 633 1058 717 Agatham
1093 657 1150 698 an-

142 726 259 807 cillam,
278 723 332 807 qui
351 724 414 788 mei
433 727 526 786 erunt
544 745 616 787 eum
632 721 774 786 moriar'.
804 723 832 786 is
849 723 903 805 qui
917 726 1149 787 testamentum

92 832 94 836 ’
141 814 217 878 fecit
236 812 414 898 Agatbam,
439 833 536 895 quam
558 813 745 875 testamenti
765 813 911 894 tempore
929 811 1051 889 habuit,
1075 833 1147 876 ven·

142 903 224 966 didit
242 907 274 966 et
287 906 401 985 postea
420 901 555 965 ancillas
570 898 657 984 emit,
675 921 714 963 er
728 898 779 963 his
793 899 850 964 uni
863 899 1014 983 Agatbae
1029 922 1148 965 nomen

140 990 303 1077 imposuit.
353 989 534 1074 quaesitum
566 992 628 1071 est,
661 1009 703 1053 an
732 987 812 1053 haee
838 987 948 1072 legata
977 989 1147 1053 videretur.

140 1079 307 1164 respondit
329 1079 470 1163 legatam
493 1076 603 1141 videri.

229 1191 264 1250 ef.
289 1190 385 1251 Servii
406 1207 550 1265 responsa
573 1191 625 1247 41.

496 1349 541 1403 De
555 1348 676 1418 pecunia
694 1348 792 1417 repara.

229 1452 281 1516 20.
304 1449 343 1515 D.
358 1450 410 1532 35,
426 1452 454 1530 1,
468 1450 521 1514 28.
544 1447 663 1513 Paulus
682 1448 766 1513 libro
781 1448 919 1513 seeundo
934 1449 1147 1532 epitomarum

141 1539 251 1604 Alfeni
264 1538 472 1624 Digestorum
489 1537 538 1624 (P.
553 1535 618 1622 36).
640 1535 744 1602 Filiae
763 1559 838 1601 suae
857 1537 903 1602 ita
922 1539 995 1622 quis
1011 1539 1147 1623 legavit:

141 1626 180 1692 ‘si
208 1629 301 1692 Attia
327 1628 396 1692 filia
423 1649 495 1691 mea
522 1627 682 1691 arbitratu
709 1623 801 1690 Lucii
829 1624 909 1689 Titii
931 1629 1091 1711 nupserit,
1119 1628 1148 1692 ei

140 1721 191 1782 tot
218 1718 311 1781 here·
339 1737 429 1780 meus
455 1715 552 1782 dato’.
597 1714 683 1780 Titio
708 1719 782 1779 ante
804 1718 995 1780 testatorem
1020 1719 1146 1782 mortuo

140 1807 235 1870 Attia
252 1808 415 1890 nupserat.
458 1804 681 1890 quaerebatur,
700 1825 742 1868 an
760 1804 903 1888 legatum
922 1805 950 1867 ei
970 1803 1148 1870 deberetur.

139 1895 304 1979 respondit
326 1894 443 1960 deberi.

228 2006 265 2065 uf.
288 2004 384 2066 Servii
405 2023 548 2081 responsa
573 2006 622 2064 12.

227 2115 280 2181 21.
303 2115 341 2180 D.
356 2116 408 2195 32,
422 2115 474 2197 29,
488 2115 518 2180 2.
546 2113 654 2178 Labeo
674 2114 758 2179 libro
777 2113 915 2179 seeundo
930 2116 1147 2196 posteriorum

140 2227 159 2268 a
182 2204 339 2269 Javoleno
364 2203 613 2287 epitomatorum
636 2201 684 2288 (P.
705 2197 792 2289 171).
829 2200 909 2267 Cum
932 2203 979 2267 ita
1002 2204 1147 2288 legatum

140 2297 239 2358 esset:
262 2292 394 2376 ‘quanta
417 2290 551 2375 pecunia
574 2312 612 2354 ex
636 2290 813 2354 hereditate
837 2290 915 2355 Titii
938 2291 979 2355 ed
1003 2314 1054 2356 me
1077 2315 1148 2378 per-

139 2383 241 2460 venit,
272 2385 400 2446 tantam
432 2379 600 2463 pecuniam
628 2378 721 2443 heres
749 2401 839 2444 meus
868 2377 959 2444 Seiae
986 2380 1085 2464 dato',
1115 2383 1148 2446 id

138 2471 281 2554 legatum
310 2471 405 2553 putat
426 2466 549 2548 Labeo,
577 2467 662 2551 quod
688 2472 855 2552 acceptum
877 2467 912 2532 in
935 2469 1056 2534 tabulis
1081 2472 1148 2536 suis

140 2579 179 2621 ex
211 2579 249 2622 ea
279 2556 460 2622 hereditate
487 2559 626 2620 testator
654 2556 845 2640 rettulisset,
877 2561 1018 2621 aeterum
1048 2563 1148 2643 negat

140 2645 316 2709 carendum
338 2644 450 2709 heredi
474 2667 493 2708 a
510 2642 683 2728 legatario,
702 2644 824 2730 siquid
843 2645 927 2709 forte
946 2651 1059 2729 postea
1078 2650 1147 2713 eius

138 2734 329 2798 hereditatis
351 2733 482 2796 nomine
505 2733 598 2797 heres
622 2733 791 2798 damnatus
815 2737 908 2798 esset.
948 2754 1008 2818 ego
1033 2740 1147 2800 eontra

139 2826 231 2907 pute,
259 2822 334 2905 quia
361 2843 427 2887 non
455 2825 564 2907 potest
593 2821 693 2886 videri
715 2823 899 2905 pervenisse
923 2823 962 2888 ad
985 2824 1146 2910 heredem,

140 2911 224 2995 quod
249 2912 316 2975 eius
338 2910 526 2975 hereditatis
545 2911 675 2975 nomine
693 2916 917 2995 praestaturus
937 2915 1035 2996 esset3
1058 2913 1144 2978 idem

138 3000 273 3065 Alfenus
296 2998 404 3064 Varus
428 2997 540 3065 Servio
565 2999 726 3083 placuisse
750 2999 872 3065 scribit.

227 3112 264 3171 ef.
288 3110 385 3170 Servii
407 3129 549 3187 responsa
572 3113 624 3171 46.

227 3223 278 3286 22.
306 3220 345 3284 D.
360 3222 412 3304 30,
428 3220 501 3286 106.
532 3220 668 3286 Alfenus
687 3218 794 3285 Varus
818 3220 901 3285 libro
926 3222 1067 3287 seeundo
1089 3223 1148 3288 Di·

138 3314 303 3394 gestorum
327 3333 346 3374 a
368 3307 469 3373 Paulo
492 3309 741 3394 epitomatorem
764 3305 814 3394 (P.
828 3306 896 3395 31).
933 3307 967 3374 si
990 3312 1024 3377 in
1047 3315 1147 3377 testa-

139 3403 247 3464 mento
281 3399 436 3482 seriptum
464 3403 561 3463 esset:
594 3397 698 3462 ‘heres
727 3419 815 3462 meus
845 3397 993 3463 eentuml
1020 3399 1146 3467 Licinio

217 3559 233 3605 1
254 3553 449 3611 Trebonianos
467 3571 567 3610 aureos
586 3555 707 3610 eentum.
