2422 3840
65 175 1014 235 anabusn.-e.cnau.ANT.-a.S.P0nP.-auersus.
1036 177 1079 241 43

61 344 246 420 Pomponius
274 343 357 422 §40
386 340 522 407 ‘Caelius
550 348 724 425 Antipater,
756 347 808 424 qui
839 346 981 406 historias
1010 365 1078 405 con·

62 433 193 512 scripsit,
216 435 267 494 sed
285 437 353 512 plus
377 436 566 514 eloquentiae
589 455 678 511 quam
703 436 845 496 scientiae
863 435 937 494 iuris
957 453 1077 511 opernm

61 516 167 581 dedit'.
214 523 486 584 Teuffel-Schwabe
510 518 620 600 §137',
637 527 665 584 5.

492 717 651 724 -—

314 853 353 935 3.
392 858 571 932 SEXTUS
599 857 833 933 POMPEIUS

152 1010 204 1071 On.
227 1011 363 1088 Pompeii
390 1012 491 1090 magni
518 1016 654 1089 patruus.
700 1011 801 1072 Cicero
824 1012 910 1071 Brut.
935 1015 1073 1090 47,175

61 1094 184 1159 ‘Sextus
198 1101 292 1160 frater
306 1101 370 1160 eius
385 1093 453 1182 (On.
463 1093 601 1182 Pompei)
616 1101 909 1178 praestantissimum
922 1101 1075 1178 ingenium

62 1189 233 1248 contulerat
257 1189 295 1248 ad
317 1208 465 1249 summam
487 1190 561 1250 iuris
585 1190 681 1250 civilis
705 1195 735 1250 et
758 1189 797 1250 ad
818 1190 981 1266 perfectam
1004 1208 1073 1266 geo-

61 1277 189 1337 metriae
213 1281 244 1338 et
265 1297 366 1337 rerum
390 1278 551 1338 stoicorum
574 1273 750 1338 scientiam’.
794 1279 977 1355 Pomponius
996 1275 1073 1353 §44

62 1360 169 1425 ‘etiam
191 1365 299 1426 Sextus
322 1367 483 1443 Pompeius
508 1367 601 1428 Gnaei
623 1368 759 1445 Pompeii
784 1371 912 1443 patruus
939 1367 998 1426 fuit
1026 1385 1074 1426 eo-

63 1450 309 1611 dQemTtgmpore’,
333 1474 372 1515 sc.
392 1476 451 1533 quo
470 1456 502 1515 P.
522 1455 655 1516 Rutilius
678 1458 782 1534 Rufus,
806 1456 843 1516 A.
862 1455 1025 1532 Verginius
1045 1459 1075 1515 et

90 1590 96 1601 .
147 1563 168 1602 u
190 1562 249 1603 ero.

295 1800 335 1883 4.
371 1808 411 1879 Ρ.
439 1808 663 1881 RU'PILIUS
691 1807 843 1880 RUFUS

151 1959 222 2019 trib.
240 1960 302 2018 mil.
319 1955 465 2041 saonae,
485 1964 606 2037 praetor
623 1961 730 2019 incerti
749 1960 827 2036 anni,
851 1978 908 2020 cos.
926 1956 1073 2041 stallos,

62 2043 201 2127 legatus¹
230 2047 263 2118 Q.
286 2049 378 2107 Mucii
402 2049 560 2109 Scaevolae
587 2049 773 2125 proconsulis
801 2048 891 2106 Asiae
916 2044 1073 2127 654s100,

63 2131 181 2209 662s92
215 2139 264 2199 vel
293 2137 463 2214 insequenti
489 2158 566 2197 anno
595 2157 613 2197 a
639 2137 807 2214 publicanis
836 2135 871 2194 de
900 2137 1073 2212 repetundis

60 2225 213 2285 calumnia
244 2227 415 2302 postulatus
448 2230 479 2286 et
506 2227 718 2286 condemnatus
745 2225 875 2301 primum
904 2225 1073 2302 Smyrnam,

61 2313 170 2374 deinde
202 2313 368 2390 Mytilenen
405 2333 436 2374 se
472 2315 613 2394 contulit,
649 2316 703 2374 ubi
734 2317 803 2390 post
836 2310 960 2393 stolis
994 2333 1072 2373 mor-

57 2405 133 2462 tuus
158 2406 212 2462 est.

152 2488 259 2550 Vellei.
289 2493 455 2567 2,13.12
489 2485 551 2552 ‘vir
577 2512 636 2552 non
664 2492 777 2551 saeculi
804 2492 863 2567 sui,
895 2491 947 2550 sed
977 2493 1072 2551 omnis

61 2580 130 2639 aevi
156 2572 322 2656 optumus'.
370 2579 472 2639 Cicero
492 2581 576 2640 Brut.
598 2583 659 2641 113
682 2575 811 2640 “doctus
833 2580 881 2639 vir
904 2584 935 2638 et
956 2581 1072 2656 graecis

60 2669 174 2728 litteris
208 2668 359 2742 eruditus,
396 2668 532 2729 Panaetii
564 2669 699 2748 auditor,
735 2687 827 2745 prope
859 2669 1010 2743 perfectus
1041 2670 1073 2729 in

63 2750 189 2817 stoicis'.
230 2758 267 2816 de
290 2757 367 2816 offic.
388 2760 416 2835 2,
434 2760 474 2817 47
500 2752 545 2817 Ῥ.
564 2758 672 2816 Rutilii
695 2757 925 2817 adolescentiam
949 2757 987 2816 ad
1010 2758 1072 2833 opi-

60 2847 182 2905 nionem
207 2849 238 2904 et
258 2845 443 2905 innocentiae
463 2850 494 2905 et
512 2846 585 2905 iuris
604 2847 744 2905 scientiae
762 2846 795 2905 P.
815 2844 906 2905 Mucii
926 2865 1072 2906 commen-

60 2934 145 2994 davit
169 2928 293 2993 domus'.

153 3021 279 3082 Praetor
287 3026 483 3098 patronorum
492 3023 644 3083 licentiam
654 3023 750 3083 edicto
759 3023 891 3082 coercuit
899 3015 947 3102 (D.
959 3023 1068 3100 38,2,1

63 3108 83 3186 ξ
109 3115 125 3170 1
156 3110 304 3187 Ulpianus
336 3111 414 3171 libro
442 3112 690 3188 quadragensimo
719 3111 848 3171 secundo
877 3111 914 3169 ad
941 3111 1071 3170 edictum

62 3199 95 3258 P.
121 3201 217 3260 1149.
263 3192 315 3259 ‘at
342 3201 462 3277 quidem
488 3201 601 3277 primus
624 3203 746 3276 praetor
768 3199 899 3259 Rutilius
922 3198 1016 3257 edixit
1039 3217 1070 3260 se
1190 3261 1195 3281 ,

63 3289 193 3364 amplius
211 3306 271 3348 non
289 3288 430 3348 daturum
449 3293 574 3365 patrono
594 3308 683 3364 quam
702 3307 859 3365 operarum
874 3290 905 3346 et
919 3288 1071 3347 societatis

63 3475 341 3599 „„,}‚{{’,':i,1⁰⁰mu⁸
362 3475 384 3547 ἕ
402 3479 439 3530 40
461 3492 551 3533 errore
568 3478 660 3550 ipsum
681 3476 829 3536 Rutilium
845 3473 951 3530 *nixae
968 3486 1100 3542 proson-
