2422 3840
387 111 410 160 1.
433 105 463 161 Ρ.
479 105 644 160 ALFENUS
662 105 785 161 VARUS
1024 107 1089 171 293

82 268 252 353 respondit
277 269 442 333 neminem
466 291 503 333 ex
527 269 659 334 alterius
683 269 768 334 facto
792 269 965 334 hereditati
987 293 1090 354 neque

82 358 213 442 alligari
241 379 343 442 neque
367 358 552 422 exheredari
574 380 683 442 posse,
710 358 765 421 sed
789 358 837 421 uti
860 359 994 442 quisque
1018 380 1090 423 con·
1170 417 1172 420 ,

83 446 241 512 dicionem
269 446 450 530 implesset,
478 448 624 530 quamvis
652 469 747 510 nemo
771 446 893 512 adisset
916 453 1090 532 practerea,

82 542 191 600 tamen
215 557 288 599 eum
310 535 461 599 heredem
485 557 564 600 esse.

170 657 207 716 cf.
231 655 326 715 Servii
348 674 492 732 responsa
515 658 544 717 5.

145 825 318 881 Testamenta
335 826 367 879 irs
384 826 450 880 urbe
467 826 508 880 cel
525 825 630 880 Romae
648 826 759 880 condito
778 827 826 880 ubi
844 827 1026 896 operiantur?

170 936 215 999 4⁵.
242 934 280 999 D.
296 936 347 1017 50,
364 935 414 1014 16,
428 936 493 1000 239
512 936 532 1015 ξ
549 935 578 999 b.
611 934 809 1018 Pomponius
828 935 911 1000 libro
932 936 1089 1021 singulari

81 1022 263 1088 Euchiridii
287 1021 336 1109 (P.
352 1025 425 1108 179,
439 1021 484 1110 6).
526 1021 637 1088 ‘Urbs'
667 1025 707 1089 ab
735 1024 816 1089 urbo
841 1025 1004 1108 appellata
1027 1034 1089 1090 est:

83 1113 199 1177 urbarc
222 1116 272 1176 est
295 1116 404 1177 aratro
428 1111 568 1177 definire.
606 1115 640 1176 et
658 1111 764 1176 Varus
784 1114 830 1176 ait
847 1114 962 1178 urbum
982 1114 1088 1199 appel-

80 1202 142 1265 lari
169 1204 376 1267 curvaturam
406 1201 521 1285 aratri,
553 1201 637 1284 quod
669 1201 703 1266 in
735 1201 814 1267 urbe
842 1203 1006 1267 condenda
1034 1203 1085 1267 ad·

78 1289 183 1354 hiberi
208 1290 298 1355 solet.

170 1375 216 1441 4¹³.
240 1379 279 1443 D.
293 1378 346 1463 50,
362 1379 413 1462 16,
427 1379 479 1444 87.
506 1376 678 1443 Marcellus
693 1379 777 1443 libro
792 1379 979 1445 duodecimo
994 1379 1090 1465 Dige-

80 1471 206 1533 storum
229 1465 387 1553 (P.146).
437 1467 485 1533 Ut
507 1467 644 1532 Alfenus
668 1469 727 1551 ait,
756 1467 855 1533 ‘urbs'
880 1475 929 1533 est
952 1468 1089 1552 ‘Roma',

80 1577 164 1640 quac
196 1578 288 1620 muro
320 1557 514 1641 cingeretur,
547 1556 675 1620 ‘Roma'
708 1560 757 1620 est
786 1558 897 1640 etiam,
925 1579 988 1641 qua
1015 1580 1088 1623 con·

78 1643 221 1710 tinentia
244 1645 388 1709 aedilicia
407 1650 527 1709 essent:
550 1667 625 1708 nam
645 1643 781 1708 Romam
800 1668 865 1710 non
884 1668 975 1711 muro
995 1649 1089 1711 tenus

79 1733 261 1798 existimari
293 1755 332 1797 ex
360 1733 591 1798 consuetudine
619 1733 781 1797 cotidiana
809 1756 904 1815 posse
932 1735 1087 1820 intellegi,

73 1844 154 1896 ¹cum
180 1821 356 1886 diceremus
380 1821 516 1887 Romam
539 1842 598 1886 nos
621 1821 681 1904 ire,
709 1821 837 1885 etiamsi
860 1827 951 1887 extra
975 1825 1089 1888 urbem

77 1910 311 1976 habitaremus.

170 2039 332 2099 Rubricam
352 2058 387 2098 ex
400 2038 515 2098 Lsnelii
532 2039 702 2098 coniectura
716 2040 754 2098 ad
767 2039 942 2099 Marcellum
955 2042 1089 2115 proposi-

77 2133 146 2188 tam
165 2128 241 2188 dedi.
278 2131 311 2187 at
328 2129 455 2188 fortasse
473 2147 527 2204 pro
546 2128 623 2187 libro
641 2128 700 2186 XII
717 2128 819 2205 potius
837 2121 912 2187 XIII
929 2128 1089 2206 legendum

79 2221 135 2292 est,
154 2218 199 2277 ita
217 2219 252 2275 ut
265 2217 301 2275 de
315 2235 425 2292 penore
439 2217 539 2294 legato
555 2235 721 2276 sermonem
733 2217 827 2277 fuisse
841 2216 975 2276 conicere
989 2217 1088 2277 liceat.

78 2307 116 2366 of.
141 2305 179 2364 D.
194 2307 246 2382 33,
261 2308 289 2382 9,
305 2307 325 2363 4
344 2303 386 2380 §5
402 2306 496 2366 3-5.
532 2305 646 2364 Paulus
664 2305 742 2366 libro
761 2310 868 2382 quarto
879 2307 925 2370 ,ad
944 2305 1088 2365 Sabinum

78 2388 129 2475 (P.
146 2387 260 2474 1676);
282 2394 400 2452 Nomen
422 2395 524 2453 autem
546 2413 641 2471 penus
664 2395 738 2454 mihi
758 2394 904 2454 traditum
927 2399 972 2454 est
995 2396 1088 2454 omni-

79 2485 139 2543 bus
163 2483 321 2561 generibus
341 2481 462 2542 dictum.
500 2483 525 2541 si
544 2483 588 2542 ita
605 2484 724 2561 legetur
742 2477 862 2560 ‘penum
882 2503 958 2560 quaa
976 2484 1087 2543 Romae

77 2566 145 2648 ait',
168 2575 271 2630 utrum
294 2590 371 2648 quae
395 2574 441 2630 est
463 2571 543 2630 intra
567 2573 762 2649 continentia,
784 2574 886 2650 legata
908 2572 1028 2631 videtur
1049 2593 1088 2632 an

77 2680 152 2722 vero
181 2680 215 2719 ea
243 2662 307 2720 sola
335 2678 410 2736 quae
439 2663 484 2719 est
510 2661 591 2719 intra
616 2660 755 2719 murum?
800 2661 975 2738 etquidem
998 2662 1088 2721 urbas

78 2750 144 2809 fere
173 2767 274 2809 omnes
301 2766 388 2807 muro
414 2751 503 2808 tenus
531 2749 623 2823 finiri,
655 2749 780 2808 Romam
810 2751 1029 2809 continentibus
1058 2753 1088 2808 et

77 2838 187 2898 urbem
200 2838 327 2897 Romam
345 2855 438 2912 aeque
457 2836 684 2896 continentibus.
718 2836 797 2913 quod
816 2838 841 2896 si
859 2838 975 2897 urbana
992 2857 1087 2913 panus

78 2927 119 2987 sit
143 2928 253 3004 legata,
276 2944 393 2986 omnem
416 2945 493 3002 quae
514 2924 625 3003 ubique
648 2927 695 2984 est
717 2925 849 3001 legatam
872 2925 965 2984 videri
987 2926 1086 2986 Labeo

77 3018 135 3091 ait,
169 3015 259 3074 etiam
292 3015 317 3074 si
348 3014 380 3072 in
411 3014 492 3073 villis
524 3014 663 3092 agrisque
695 3012 747 3089 sit,
780 3015 806 3073 si
837 3014 890 3072 illa
917 3014 957 3072 sit
982 3015 1086 3072 urbico

75 3104 149 3164 usui
171 3104 321 3164 destinata
344 3146 395 3164 ...
705 3112 707 3117 ’

355 3263 398 3317 De
416 3263 568 3318 testamenti
585 3263 814 3330 interpretatione.

168 3374 199 3440 5.
227 3373 267 3439 D.
281 3374 333 3453 34,
349 3374 376 3451 8,
392 3373 422 3438 2.
458 3371 595 3436 Alfenus
614 3369 721 3434 Varus
744 3370 828 3436 libro
853 3370 964 3454 quinto
989 3370 1087 3450 Diae·

77 3468 201 3530 storum
231 3462 277 3546 (P.
296 3463 377 3547 21³).
430 3459 520 3540 Quae
548 3462 586 3528 in
611 3465 819 3529 testamento
846 3459 980 3540 scirpha
1000 3456 1122 3516 assem
