2422 3840
96 148 138 213 36
184 147 231 205 ΙΠ.
255 146 402 202 SEPTIMI
421 145 519 202 SAEO.
537 145 633 202 IURIS
652 145 825 204 consum.
845 145 968 202 SERIES
987 147 1105 202 PRIMA

93 310 339 394 philosophiae
354 311 474 394 scripta
506 313 621 374 essent.
677 311 738 375 hoe
770 310 855 374 idem
891 309 990 374 tradit
1027 309 1103 375 Piso

94 397 271 464 Censorius
299 400 404 483 primo
433 399 751 482 commentariorum,
775 399 831 463 sed
853 398 954 464 libros
979 403 1104 482 septem

98 489 179 553 iuris
208 487 365 573 pontificii
388 487 586 573 totidemque
609 486 845 572 Pythagoricos
869 486 982 570 fuisse,
1006 486 1105 552 Tudi·

96 581 195 641 tanus
218 577 315 641 tertio
339 574 491 643 decumo1
514 575 640 641 Numae
664 576 863 642 decretorum
886 575 993 640 fuisse.

413 751 463 808 Ex
489 749 642 809 incertis
669 749 786 809 libris.

183 861 213 924 4.
236 859 377 924 Macrob.
395 863 455 923 sat.
472 861 499 941 1,
517 859 567 941 16,
583 859 635 924 32.
658 895 702 904 —
725 859 839 924 harum
859 857 1104 946 (nundinarum)

96 948 253 1032 originem
278 949 408 1032 quidem
431 946 570 1012 Romulo
595 948 782 1032 adsignant,
812 970 907 1034 quem
931 950 1105 1013 eommuni-

96 1040 170 1102 cato
193 1057 293 1120 regno
319 1058 390 1101 oum
413 1035 487 1100 Tito
511 1036 605 1101 Tatio
629 1037 795 1101 sacrifieiis
819 1040 852 1101 et
875 1036 1105 1103 sodalitatibus

95 1126 253 1191 institutis
291 1124 451 1189 nundinas
489 1146 616 1210 quoqne
654 1125 806 1190 adiecisse
843 1131 1107 1210 commemorant,

97 1215 182 1279 siout
204 1213 383 1278 Tuditanus
407 1213 567 1278 adfirmat.

184 1302 214 1366 5.
245 1300 362 1367 Asson.
386 1303 425 1366 ad
450 1299 579 1389 (Cicer.)
603 1300 727 1368 Oornel.
751 1326 781 1387 p.
802 1303 842 1367 76
869 1301 923 1368 Or.
939 1303 981 1368 68
998 1301 1037 1368 Κ.
1066 1339 1104 1348 —

95 1388 244 1456 Ceterum
268 1390 398 1474 quidam
421 1412 486 1455 non
510 1390 589 1456 duos
612 1392 761 1456 tribunos
784 1391 903 1476 plebis,
930 1397 966 1455 ut
991 1389 1102 1456 Cicero

95 1479 186 1564 dicit,
223 1479 279 1542 sed
316 1480 455 1564 quinque
488 1480 619 1544 tradunt
651 1484 776 1544 creatos
809 1484 878 1544 tum
913 1477 961 1565 (in
994 1484 1103 1544 monte

94 1564 203 1653 sacro)
224 1588 303 1650 esse,
322 1568 467 1651 singulos
484 1589 522 1631 ex
541 1568 676 1653 singulis
694 1567 861 1633 elassibus.
890 1572 966 1632 sunt
984 1572 1104 1651 tamen,

95 1656 150 1740 qui
186 1655 322 1719 eundem
357 1657 449 1720 illum
485 1656 620 1721 duorum
656 1679 825 1721 numerum
862 1678 955 1741 quern
989 1655 1103 1722 Cicero

94 1748 232 1827 ponant,
259 1747 344 1808 inter
372 1756 452 1828 quos
480 1744 659 1810 Tuditanus
687 1751 720 1810 et
749 1745 944 1829 Pomponius
975 1744 1104 1811 Atticus

95 1833 204 1897 Livius
228 1855 353 1917 quoque
375 1839 495 1899 noster.
532 1835 617 1900 idem
638 1835 690 1899 hio
710 1838 743 1898 et
761 1834 939 1899 Tuditanus
958 1835 1103 1899 adiciunt

94 1925 162 1986 tres
191 1927 356 2007 praeterea
386 1924 427 1987 ab
457 1924 523 1988 illis
555 1924 678 1988 duobus
709 1923 771 1987 sibi
801 1924 942 2007 collegas
973 1929 1101 1989 creatos

94 2032 174 2075 esse.
210 2011 342 2076 nomina
365 2011 499 2076 duorum
519 2013 575 2096 qui
595 2013 690 2095 primi
708 2013 807 2077 oresti
827 2017 912 2092 sunt,
936 2012 1016 2076 haee
1037 2016 1103 2077 tra-

97 2100 228 2165 duntur:
254 2099 289 2166 L.
313 2099 454 2167 Licinius
478 2101 511 2164 L.
540 2101 562 2164 f.
587 2099 749 2183 Bellutus,
778 2102 811 2166 L.
836 2100 988 2164 Albinius
1022 2099 1058 2165 O.
1082 2101 1104 2166 f.

101 2189 297 2253 Paterculus.

202 2450 268 2531 12.
307 2456 344 2539 Q.
372 2455 546 2528 MUOIUS
576 2455 819 2529 SCAEVOLA
848 2457 1011 2529 AUGUR

65 2678 68 2682 ⁴
101 2601 190 2659 natus
209 2599 326 2658 circiter
341 2593 489 2678 593s161‚
508 2620 565 2661 eos.
582 2596 729 2679 637s117,
749 2602 884 2660 mortuus
898 2605 968 2677 post
983 2596 1110 2681 666s88.

192 2720 480 2784 OioeroBrut.102
505 2719 633 2784 ‘Mucius
657 2728 757 2784 autem
782 2743 880 2801 augur
902 2768 931 2783 ..
956 2729 1111 2786 oratorum

104 2812 135 2869 in
157 2830 281 2870 numero
305 2830 364 2870 non
386 2813 453 2890 fnit,
478 2813 551 2872 iuris
575 2814 671 2873 civilis
694 2813 895 2890 intelligentia
917 2817 1006 2890 atque
1030 2816 1111 2874 omni

104 2900 280 2975 prudentiae
304 2919 413 2977 genero
434 2896 608 2976 praestitit'.
650 2921 749 2961 senem
768 2901 870 2961 Cicero
893 2905 1013 2978 sumpta
1031 2905 1112 2963 virili

103 2992 175 3066 toga
200 2983 323 3068 eaesae
349 2990 453 3050 auena
499 2991 618 3050 naeuus
645 2994 672 3068 1,
695 2995 720 3049 1.

513 3157 703 3234 Responsa.

194 3268 295 3331 Cicero
323 3292 376 3348 pro
400 3274 494 3332 Balbo
520 3276 569 3333 20.
616 3273 883 3342 Qs⁰aev01aine
908 3293 1016 3352 augur,
1045 3295 1111 3335 oum

105 3359 142 3416 de
165 3360 230 3418 iure
249 3362 444 3435 praediatoria
464 3363 678 3439 consuleretur,
701 3363 789 3421 homo
809 3363 883 3421 iuris
902 3363 1111 3443 peritissimus,

178 3517 192 3563 1
213 3512 292 3567 aliter
312 3513 349 3568 H.
368 3513 446 3568 Peter
464 3513 521 3567 rell.
536 3513 557 3565 I
569 3529 598 3581 p.
610 3512 714 3568 OOXI.
744 3512 785 3580 Of.
802 3513 1046 3582 Teuffrl-Schwobe
1061 3518 1077 3571 l.
1088 3533 1111 3574 o.-
