2422 3840
352 170 394 221 ιι.
418 163 448 221 c.
462 163 656 230 nouimus
675 163 816 220 omnus
1027 164 1089 227 121

80 327 217 393 inoendii
245 328 375 393 arcendi
402 349 501 394 oense
528 328 625 393 vieini
652 329 747 393 aedes
775 329 923 393 intercidi
945 333 978 394 et
1006 330 1091 415 quod

79 418 190 482 sieut
213 418 297 482 olem
320 438 446 482 meeum
466 421 592 502 egetur,
615 421 672 483 eut
690 418 799 482 damni
817 417 944 483 iniuria.
977 417 1091 485 Gallus

79 506 162 570 enim
191 506 334 591 dubitet,
362 527 404 570 en
427 507 532 591 excipi
555 510 731 590 oporteret:
755 505 852 591 ‘quod
875 507 1015 572 incendii
1038 508 1089 572 de·

78 593 229 660 tendendi
260 616 358 660 oense
390 595 516 661 foetum
539 617 606 660 non
633 594 697 661 sit'.
747 593 877 660 Servius
906 600 1014 661 eutem
1043 597 1091 661 ait

78 687 109 748 et
130 705 163 768 q.
184 707 210 749 s.

163 777 332 838 Mommsen
353 797 408 855 pro
427 777 507 838 Celsi
529 778 648 838 nomine
668 776 749 836 Gelli
770 778 928 838 substituit
948 781 979 838 et
996 780 1091 841 verbs

78 860 196 927 ‘Gallus
215 866 297 926 enim
314 861 445 927 dubitet'
465 867 558 926 delet:
577 886 684 928 vereor
702 871 738 926 ut
755 871 846 927 reete.
880 887 949 927 nom
969 867 1089 928 Celsum

77 954 132 1015 heo
163 956 201 1015 de
232 975 265 1015 re
297 950 469 1034 disputasse
501 954 561 1015 elie
586 955 759 1017 testimonis
786 957 894 1016 docent
920 975 939 1015 e
965 957 1089 1017 Lenelio

77 1045 171 1104 nllets
194 1044 231 1104 D.
252 1049 280 1121 9,
300 1047 329 1118 2,
348 1047 400 1124 49,
421 1048 438 1106 1
463 1047 495 1104 et
517 1046 570 1119 47,
590 1048 619 1121 9,
638 1046 667 1119 3,
688 1048 705 1104 7
726 1040 773 1118 (Ρ.
792 1039 879 1126 262),
902 1046 1089 1123 eundemque

77 1132 152 1192 alies
180 1133 274 1194 etism
297 1132 419 1194 Gallum
441 1133 612 1210 Aquillium
638 1134 809 1193 nominasse
832 1134 997 1194 Mommsen
1024 1135 1088 1211 ipse

77 1221 198 1300 indicet,
221 1222 332 1300 quippe
356 1223 409 1300 qui
430 1222 467 1282 D.
487 1224 538 1299 50,
555 1225 605 1292 16,
621 1225 662 1282 96
688 1215 808 1303 (Celsus
831 1223 908 1282 libro
926 1224 1088 1284 vicensimo

78 1311 182 1387 quinto
193 1302 405 1393 Digestorum)
421 1311 502 1371 (tulli
516 1311 644 1388 Aquillii
657 1331 765 1371 nomen
779 1313 955 1372 restituerit.
985 1312 1088 1389 iteque

75 1399 133 1484 ‘hoo
160 1418 281 1477 qnoque
304 1402 370 1461 loeo
394 1398 500 1460 Celsus
524 1419 592 1459 oum
616 1399 703 1459 Gallo
727 1394 879 1460 ‘dubitat
924 1401 1089 1477 Ulpianum

77 1487 109 1545 in
138 1488 227 1548 libris
260 1489 298 1548 ed
329 1489 460 1549 edietum
487 1489 655 1566 Aquillium
683 1488 804 1549 Gallum
831 1490 880 1551 vel
912 1491 1088 1566 simpliciter

80 1577 379 1639 Gellumnominere
402 1579 538 1639 uidemus
561 1579 598 1637 D.
619 1581 647 1656 8,
667 1581 696 1654 5,
717 1582 745 1655 6,
765 1581 794 1638 2.
