2422 3840
421 180 748 236 a.AULnsor1n1Us
1024 182 1087 246 351
1154 256 1157 261 ,

80 347 157 430 quid
181 345 352 428 leguminis
375 343 410 407 in
431 344 512 408 cella
531 345 685 427 penuaria
703 345 826 428 habuit,
849 345 961 427 penori
979 347 1088 431 legato

79 433 312 516 continebitur,
345 432 400 496 sed
431 437 464 496 et
493 432 649 497 hordeum
682 435 749 496 sive
777 433 919 497 familiae
951 435 1017 499 sive
1044 435 1089 499 iu-

78 527 261 587 mentorum
289 522 409 606 gratio,
437 525 470 585 et
493 520 582 605 <ita>
606 521 721 586 Ofilius
750 522 864 586 scribit
890 521 974 587 libro
998 527 1088 588 sexto

80 612 202 677 decimo
228 612 400 676 actionum.

168 723 204 783 cl.
228 722 300 781 ibid.
321 725 376 781 11':
402 740 457 780 nec
481 721 624 780 frumenti
646 739 701 780 nec
723 721 910 798 leguminum
932 723 1036 781 thecae
1061 766 1089 782 ..

79 814 128 873 vol
151 813 176 871 si
200 831 260 888 qua
284 811 344 870 alia
367 813 446 886 sunt,
469 829 547 887 quae
570 811 670 869 horrei
691 807 828 886 penuarii
850 812 900 871 vel
924 811 1016 870 cellae
1039 832 1090 888 pc·

78 902 202 960 nuariae
230 901 423 959 instruendae
451 899 550 976 gratia
576 898 738 977 habentur,
764 918 824 958 non
852 899 1089 960 continebuntur.

78 991 164 1049 Paul.
180 990 207 1048 S.
222 989 257 1049 R.
272 989 327 1065 III,
344 991 372 1064 6,
388 991 443 1047 78:
462 987 615 1065 Frugibus
633 988 742 1066 legat-is
758 991 820 1046 tam
833 988 986 1065 legumina
1000 1008 1090 1065 quam

78 1079 224 1137 hordeum
248 1125 275 1137 ..
300 1078 499 1136 continentur.

168 1190 198 1253 2.
230 1188 269 1253 D.
292 1184 369 1252 ibid.
392 1191 411 1268 ξ
431 1189 460 1251 9.
507 1186 598 1250 Idem
626 1191 658 1250 et
685 1190 738 1251 tus
762 1191 795 1250 et
818 1209 907 1252 ceras
932 1187 1091 1252 contineri

79 1281 278 1362 negaverunt
302 1275 360 1362 (sc.
385 1277 523 1352 Quintus
547 1273 672 1341 Mucius
697 1282 729 1340 et
752 1273 891 1362 Ofilius).

168 1380 204 1439 cf.
228 1399 319 1455 supra
342 1400 369 1455 p.
395 1381 446 1440 75.
548 1439 550 1444 ,

169 1483 199 1546 3.
222 1482 262 1545 D.
279 1480 355 1547 ibid.
369 1485 388 1562 ἓ
403 1481 432 1546 5.
456 1480 572 1544 Penori
587 1485 714 1544 acetum
729 1501 855 1564 quoque
870 1481 978 1545 cedere
992 1503 1088 1545 nemo

81 1572 219 1653 dubitat,
252 1571 316 1634 nisi
349 1568 573 1654 exstinguendi
602 1569 688 1653 ignis
717 1589 813 1632 causa
840 1569 903 1634 fuit
929 1574 1089 1654 paratum.

79 1666 157 1725 tunc
185 1660 271 1723 enim
295 1659 364 1722 esui
387 1659 541 1743 potuique
564 1679 630 1722 non
653 1656 714 1720 fuit
737 1661 770 1720 et
792 1657 839 1721 ita
862 1657 978 1723 Ofilius
1003 1659 1088 1724 libro

80 1753 170 1813 sexto
194 1749 316 1812 decimo
341 1747 506 1812 actionum
529 1746 648 1810 scribit.

169 1851 205 1909 cf.
228 1850 264 1907 D.
285 1852 336 1927 34,
352 1852 380 1926 2,
402 1852 450 1922 19,
467 1851 495 1907 9.
532 1847 680 1923 Ulpianus
703 1848 779 1907 libro
800 1848 961 1908 vicensimo
981 1850 1018 1908 ad
1038 1850 1089 1909 Sa

79 1940 183 1997 binum
199 1930 368 2018 (Ρ.2606).
399 1938 535 2014 Argento
554 1936 635 1995 facto
654 1937 755 2014 legato
770 1936 898 2006 Quintus
912 1937 1028 1997 Mucius
1046 1940 1090 1998 ait

79 2046 152 2087 vasa
175 2030 318 2104 argentea
337 2026 491 2102 contineri,
514 2025 610 2085 veluti
629 2068 657 2083 ..
677 2025 836 2085 acetabula
855 2075 860 2086 .
877 2071 883 2084 .
900 2019 918 2084 .’
955 2046 983 2086 v.
998 2044 1088 2102 supra

79 2138 107 2192 p.
124 2119 174 2174 77.
203 2116 238 2173 D.
255 2117 306 2189 33,
322 2118 350 2191 6,
366 2119 394 2192 7,
412 2117 439 2174 1.
467 2114 627 2173 Iavolenus
650 2114 727 2173 libro
752 2115 881 2174 secundo
905 2134 941 2172 ex
961 2117 1088 2190 posteri-

80 2205 182 2264 oribus
201 2204 357 2263 Labeonis.
394 2203 523 2273 Quidam
540 2203 680 2262 heredem
699 2203 894 2263 damnaverat
913 2204 983 2262 dare
1002 2205 1089 2263 uxori

80 2312 151 2352 suae
175 2336 204 2353 ..
228 2295 346 2352 acetum
369 2286 436 2352 ...'

168 2396 199 2460 4.
226 2395 265 2460 D.
283 2394 359 2459 ibid.
375 2397 394 2474 ξ
409 2395 439 2458 9.
475 2392 581 2478 Ligna
604 2396 637 2457 et
660 2392 815 2457 carbones
840 2395 1009 2477 ceteraque
1032 2415 1089 2478 per

80 2506 162 2568 quae
181 2505 281 2567 penus
302 2485 521 2566 conficeretur,
540 2504 579 2546 an
599 2481 711 2566 penori
730 2482 838 2565 legato
853 2483 1089 2564 contineantur,

80 2575 253 2656 quaeritur.
300 2576 332 2649 et
361 2571 497 2648 Quintus
524 2569 650 2635 Mucius
679 2574 712 2634 et
736 2569 849 2634 Ofilius
877 2577 1091 2656 negaveruntz

80 2684 146 2726 non
169 2662 273 2746 magis
297 2683 392 2745 quam
415 2660 534 2744 molae,
557 2660 721 2744 inquiunt,
744 2659 957 2726 continentur.

125 2880 177 2938 VI.
211 2880 263 2938 Ad
286 2879 386 2956 leges
409 2879 628 2939 vicensimae
652 2872 867 2955 <libertatis
891 2880 926 2936 et
949 2879 1051 2937 here·

399 2969 594 3052 dicacium>
617 2974 705 3033 libri
724 3021 730 3034 .
746 3021 774 3034 ..

170 3101 351 3176 Pomponius
376 3101 432 3158 44:
460 3094 513 3158 ‘de
540 3098 657 3176 legibus
680 3097 858 3162 vicensimae
881 3099 996 3174 primus
1021 3118 1089 3159 oon-

80 3183 203 3249 scribit’.
236 3209 290 3264 pro
311 3183 499 3248 ‘vicensimae
517 3181 644 3263 primus’
663 3186 763 3262 potius
784 3180 849 3243 ‘XX
863 3182 968 3246 libros’
987 3189 1090 3265 legen·

80 3279 152 3336 dum
184 3297 248 3337 esse
280 3282 382 3337 censet
410 3277 553 3336 Huschke
584 3268 628 3358 (Z.
651 3276 672 3336 f.
695 3276 793 3353 gesch.
816 3274 891 3335 RW.
915 3276 978 3351 XV,
1003 3272 1089 3356 195),

80 3386 170 3443 quem
184 3368 262 3426 inter
276 3366 351 3426 alios
365 3367 446 3426 viros
461 3365 564 3424 doctos
579 3365 716 3442 seqnitur
730 3363 822 3422 Lenel
838 3356 940 3446 (Pell
959 3367 1012 3425 col.
1025 3369 1088 3426 798

79 3476 108 3514 n.
125 3447 169 3536 3).
203 3458 234 3513 at
249 3475 317 3514 cum
330 3456 514 3515 Mommseno
528 3454 642 3512 tradita
655 3453 747 3513 verba
760 3455 876 3512 mutare
889 3455 973 3527 nolo,
988 3473 1094 3528 uuam-

82 3563 172 3620 quam
196 3545 287 3602 etiam
304 3543 441 3622 Krueger
458 3564 486 3622 p.
504 3545 545 3605 63
564 3561 594 3605 n.
609 3545 649 3606 ‘tl
679 3562 720 3604 ea
736 3543 913 3618 deprauata.
929 3557 1003 3595 esse.
1015 3536 1130 3604 petat·
