2422 3840
105 133 170 198 106
210 134 244 188 V.
266 131 411 187 SEPTIMI
425 131 520 187 SAEC.
535 133 634 189 lorus
651 132 826 188 CONSULT.
841 132 1124 190 amalasuntam

332 355 371 437 2.
410 360 445 432 Ο.
470 361 530 434 vel
558 362 597 432 T.
622 359 885 434 IUVENTIUS

191 515 374 591 Pomponius
399 513 418 590 ἕ
438 517 479 574 42
505 508 609 573 ‘Mucii
632 513 784 575 auditores
806 515 931 574 firerunt
950 561 956 574 .
973 560 1001 575 ..
1021 515 1119 577 Gaius

101 598 279 667 Iuventius'.
324 604 416 681 idem,
444 607 480 663 ut
502 603 636 678 videtur,
665 606 755 679 atquo
780 604 811 663 Τ.
830 604 1001 683 IuventiuS,
1026 625 1119 682 quem

102 695 205 755 Oicero
241 693 347 753 laudat
383 693 468 751 Brut.
494 694 557 751 178
596 687 645 750 ‘in
679 693 783 751 eodem
815 712 923 770 genere
955 711 1119 754 causarum

101 784 232 843 multum
259 785 324 842 erat
353 782 385 841 Τ.
410 781 580 853 Iuventius,
608 781 696 841 nimis
724 781 776 839 ille
804 781 925 857 quidem
952 784 1057 842 lentus
1085 785 1119 843 in

101 872 225 932 dicendo
248 875 278 931 et
300 890 394 948 paene
417 868 556 946 frigidus,
580 869 632 928 sed
655 872 686 929 et
709 869 835 930 callidus
859 871 945 929 etin
968 872 1117 947 capiendo

101 961 272 1023 adversario
294 963 442 1036 versutus,
469 962 500 1017 ct
522 962 678 1034 praeterea
700 976 754 1017 nec
776 959 924 1033 indoctus,
948 961 980 1018 et
1002 980 1118 1037 magna

100 1071 169 1111 cum
182 1049 256 1109 iuris
271 1049 366 1109 civilis
380 1041 603 1124 intelligentia'.
629 1048 691 1107 179
704 1041 802 1106 ‘cuius
816 1048 937 1108 auditor
947 1048 980 1108 P.
992 1047 1115 1128 Orbius,

99 1158 183 1199 meus
205 1140 268 1197 fero
291 1137 424 1214 aequalis
448 1129 515 1196 ...³
558 1136 594 1195 cf.
618 1136 698 1195 infra
720 1135 757 1211 V,
778 1139 805 1196 6.
846 1137 950 1214 itaque
974 1138 1001 1196 si
1023 1158 1113 1214 prae·

99 1232 251 1305 captorem
278 1226 387 1302 viginti
414 1226 477 1284 fore
505 1225 590 1284 annis
618 1228 692 1284 natu
720 1225 863 1285 maiorem
890 1226 983 1286 fuisse
1011 1230 1115 1305 putas,

98 1317 256 1376 Iuventius
275 1316 354 1374 circa
376 1334 402 1374 a.
419 1307 566 1393 628s126
590 1315 680 1372 natus
699 1317 768 1372 ante
787 1334 814 1373 a.
832 1309 958 1393 672l82
977 1315 1115 1376 Mucium

99 1405 203 1466 audiit.
486 1424 489 1430 ·

188 1492 369 1569 Pomponius
405 1490 578 1551 Iuventium
618 1490 698 1549 inter
739 1509 789 1550 eos
826 1491 919 1551 Mucii
955 1493 1111 1554 auditores

97 1586 249 1658 numerat,
281 1582 334 1658 qui
362 1575 555 1657 ‘praecipuae
583 1579 773 1639 auctoritatis
800 1575 948 1659 fuerunt'‚
981 1601 1111 1661 eumque

99 1673 189 1732 etiam
212 1671 306 1730 libros
329 1670 483 1747 scripsisse
505 1668 630 1745 indicat3
654 1687 724 1727 nam
742 1669 787 1727 ita
805 1670 970 1730 concludit:
995 1665 1110 1732 ‘omnes

187 1761 219 1819 hi
249 1781 267 1819 a
295 1759 397 1821 Servio
427 1757 558 1834 Sulpicio
592 1758 798 1836 nominantur,
830 1759 966 1836 alioquin
995 1780 1051 1836 per
1079 1781 1110 1821 se

98 1869 201 1910 eorum
229 1849 341 1926 scripta
366 1867 425 1907 non
453 1847 528 1906 talia
556 1849 688 1919 exstant,
715 1839 767 1905 ut'
792 1848 844 1906 rel.
891 1851 924 1906 at
945 1868 1042 1926 neque
1067 1870 1110 1909 re-

97 1959 239 2016 sponsum
262 1958 358 2015 neque
380 1937 527 1997 librorum
549 1937 754 2013 fragmentum
776 1936 923 1995 traditum
946 1941 1001 1996 est.

338 2268 377 2349 3.
415 2272 455 2345 L.
483 2270 640 2342 IULIUS
669 2269 872 2343 onustat

185 2429 313 2486 fortasse
331 2425 427 2483 frater
445 2423 541 2482 maior
560 2426 635 2481 natu
653 2423 687 2481 L.
701 2423 778 2482 Julii
796 2422 931 2484 Caesaris
952 2424 1107 2486 Strabonis

96 2515 244 2592 pontificis
269 2507 559 2594 (Teuffel-Schwabe
582 2510 692 2587 5153,
708 2505 752 2590 3),
774 2512 838 2588 ipse
863 2531 921 2572 cos.
943 2508 1108 2593 suessae

96 2605 239 2665 Marianis
260 2597 375 2680 satsat
401 2620 466 2660 cum
491 2602 584 2660 fratre
608 2601 662 2661 ilio
686 2601 801 2660 occisus
820 2593 1107 2681 (Teuffel-Schwabe

96 2691 209 2770 §199,
233 2684 278 2772 3).
318 2691 352 2750 L.
376 2689 485 2749 Caesar
509 2690 590 2750 Festi
619 2693 649 2749 et
672 2690 819 2754 Prisciani
847 2695 927 2750 certo
955 2691 1036 2751 idem
1062 2694 1107 2752 est

96 2786 186 2859 atque
209 2781 305 2840 Iulius
329 2778 439 2839 Caesar
461 2779 613 2838 Macrobii.

265 2976 471 3053 Augurales
495 2975 543 3034 vel
567 2973 815 3049 auspiciorum
838 2973 935 3034 libri.

492 3108 602 3165 Liber
624 3105 704 3165 XVI.
773 3146 776 3159 .

185 3234 212 3296 1.
233 3229 375 3294 Macrob.
394 3231 452 3292 sat.
474 3226 635 3309 1‚16‚29.
671 3263 708 3271 -
744 3225 846 3290 Iulius
870 3224 990 3292 Caesar
1014 3234 1104 3294 sexto

96 3320 218 3384 decimo
247 3317 463 3401 auspiciorum
492 3315 576 3379 libro
602 3320 714 3399 negat,
743 3314 896 3379 nundinis
920 3316 1104 3382 contionem

95 3408 244 3474 advocari
268 3428 375 3491 posse,
399 3406 432 3470 id
456 3408 513 3485 est,
537 3426 608 3468 cum
632 3404 753 3486 populo
778 3405 845 3488 agi,
868 3403 1004 3490 ideoque
1027 3429 1106 3471 nun·

94 3498 176 3562 dinis
200 3497 420 3560 Romanorum
444 3494 558 3557 haberi
582 3493 714 3557 comitia
737 3515 802 3556 non
826 3515 932 3576 posse.
