2422 3840
118 150 184 213 358
213 148 286 206 VIII.
301 148 433 206 OOTAVI
447 148 546 207 SADO.
556 148 653 204 IURIS
669 147 843 207 consum.
853 146 977 215 anulus
993 145 1132 202 TERTIA

231 407 233 412 ’
360 417 399 498 3.
437 422 677 506 6666166
706 420 896 493 666666

207 583 288 645 filius
312 584 345 644 L.
364 584 445 643 Aelii
463 583 638 656 Tuberonis,
662 583 715 661 qni
737 576 899 662 6693161
925 581 959 652 O.
978 580 1132 643 Ciceronis

119 674 238 750 legatus
266 674 325 733 tuit
352 673 383 732 in
405 673 480 732 Asia
502 675 533 732 et
555 672 635 731 bello
658 672 740 732 civili
763 676 829 731 orto
852 671 1028 747 Pompeium
1048 690 1133 732 secu-

118 765 170 821 tus
201 760 338 825 Africam
366 761 553 837 provinciam
589 760 723 821 obtinere
759 761 876 820 frustra
912 763 1038 820 conatus
1076 763 1133 821 est.

119 850 292 911 adolescens
307 850 427 928 iugenio
446 849 614 926 studiisque
635 850 781 909 excellens
800 867 826 909 a.
847 845 963 929 708616
988 849 1021 919 Q.
1040 848 1132 926 Liga-

119 940 198 999 rium
230 940 384 1000 accusavit
415 958 433 999 6
465 936 607 998 OIcerone
641 939 768 998 feliciter
800 938 956 997 defensum
985 930 1132 1019 (Teuffel-

120 1027 264 1088 Sohwabe
296 1026 316 1104 ἓ
342 1030 419 1106 179,
438 1019 506 1108 42).
561 1045 597 1086 ex
632 1027 688 1087 hoc
723 1030 859 1102 tempore
892 1026 1081 1086 Tuberonem
1114 1046 1133 1087 a

119 1117 218 1177 causis
247 1117 371 1194 agendIs
398 1117 437 1175 ad
466 1116 513 1175 ius
544 1115 631 1175 civile
659 1114 814 1175 transiisse
843 1117 874 1173 et
898 1113 985 1174 Ofilio
1009 1134 1132 1191 operam

119 1205 235 1265 dedisse
268 1205 451 1282 Pomponius
484 1203 503 1280 ἓ
531 1206 573 1264 46
606 1207 717 1265 narrat.
772 1203 846 1264 iuris
882 1205 1038 1263 consultus
1070 1223 1133 1264 non

119 1295 208 1355 modo
236 1295 350 1353 multus
378 1294 438 1353 fuit
460 1294 493 1352 in
515 1292 731 1369 respondendo,
755 1292 808 1352 sed
831 1292 923 1352 etiam
945 1293 1038 1352 libros
1062 1311 1131 1352 cou-

120 1378 241 1459 scripsit
277 1377 368 1441 ‘iuris
404 1382 519 1458 publici
553 1383 584 1441 et
615 1382 727 1458 privati
758 1375 941 1457 complures’
979 1375 1131 1442 ‘sermone

120 1472 244 1548 antiquo
271 1464 357 1530 usus'
381 1463 577 1553 (Pomponius
600 1471 619 1530 l.
639 1461 686 1552 6.).
727 1470 901 1529 numidam
924 1463 1067 1529 ‘Tubero'
1092 1471 1133 1530 sit

119 1560 171 1634 qui
198 1578 266 1618 cum
289 1553 442 1618 ‘Maximo’
467 1559 596 1637 quodam
620 1559 874 1618 senatusconsulti
897 1577 922 1618 6.
944 1552 1068 1637 743111
1094 1560 1131 1619 de

118 1648 284 1708 Flaminica
304 1648 384 1707 Diali
406 1649 480 1707 faci
501 1642 581 1729 (Gai.
602 1650 630 1723 1,
651 1640 729 1729 136)
753 1651 859 1707 auctor
880 1647 949 1722 fuit,
971 1648 1131 1707 nescimus.

120 1736 156 1794 de
189 1737 308 1812 septimi
338 1737 449 1797 saeculi
477 1735 510 1807 Q.
534 1736 621 1796 Aelio
649 1737 804 1796 Tuberone
833 1736 907 1794 iuris
936 1737 1074 1796 consulto
1102 1757 1131 1796 v.

119 1844 212 1900 supra
232 1846 261 1902 p.
281 1828 333 1888 42.

207 1915 385 1975 Auditorem
393 1914 502 1974 habuit
511 1914 634 1974 Ateium
645 1912 819 1990 Capitonem
831 1906 1026 1996 (Pomponius
1035 1911 1055 1988 ἓ
1064 1907 1132 1992 47).

208 2003 374 2064 Tuberonis
397 2005 562 2063 orationem
587 2005 691 2062 contra
709 2002 865 2079 Ligarium
884 2002 1020 2062 habitam
1039 2001 1132 2072 Quin·

117 2092 244 2151 tilianus
267 2092 372 2152 laudat
395 2084 462 2174 (10,
483 2096 511 2169 1,
531 2094 581 2152 23.
607 2094 657 2166 11,
678 2093 706 2168 1,
727 2086 792 2174 80),
812 2089 962 2151 Ciceronis
985 2109 1056 2151 vero
1075 2109 1131 2167 pro

118 2179 151 2250 Q.
173 2180 294 2259 Ligario
317 2180 498 2256 Pomponius
523 2178 542 2255 ξ
563 2181 614 2240 46.

208 2269 284 2329 Cum
307 2270 472 2329 Tuberonis
499 2270 670 2346 fragmenta
695 2287 791 2345 pauca
814 2271 935 2327 tantum
956 2269 1131 2347 afferantur,

118 2361 226 2417 notatu
254 2358 362 2436 dignae
390 2377 438 2417 res
465 2375 552 2416 rarae
580 2359 658 2416 sunt.
707 2357 903 2418 inveniuntur
930 2359 1032 2415 autem
1059 2357 1130 2417 hae:

118 2462 210 2522 pecus
238 2446 318 2523 quod
346 2447 458 2506 fundus
489 2444 638 2504 sustinere
667 2448 768 2520 potest
801 2437 855 2526 (D.
877 2446 933 2521 33,
953 2447 984 2520 7,
1005 2447 1045 2504 25
1061 2438 1132 2526 pr),

118 2534 297 2610 lapidicinae
316 2530 366 2613 (D.
383 2537 432 2613 18,
449 2537 476 2613 1,
493 2528 560 2613 77),
579 2552 686 2592 aurum
704 2534 819 2593 factum
840 2526 891 2613 (D.
908 2535 959 2612 34,
975 2536 1003 2612 2,
1019 2536 1070 2612 32,
1088 2533 1132 2614 1),

118 2623 227 2698 hospes
251 2617 300 2702 (D.
322 2625 350 2701 7,
371 2626 400 2700 8,
421 2627 449 2701 2,
470 2614 512 2704 1).

209 2711 306 2772 Servii
345 2712 471 2789 Sulpicii
507 2711 672 2771 sententias
709 2711 828 2771 Tubero
868 2711 980 2787 partim
1021 2711 1132 2786 probat

117 2791 269 2881 (Tertius
288 2802 416 2877 putabat
435 2845 487 2879 ...,
506 2801 634 2878 denique
649 2801 767 2861 Tubero
782 2795 836 2859 ait'
850 2799 887 2860 D.
899 2801 950 2877 19,
962 2802 990 2875 1,
1003 2803 1053 2878 13,
1065 2796 1133 2878 30),

118 2889 229 2964 partim
256 2890 406 2966 improbat
429 2883 578 2968 I‘Servius
605 2891 721 2949 fatetur
827 2889 859 2947 id
883 2889 1000 2947 Tubero
1024 2907 1133 2964 parum

120 2978 177 3037 sibi
213 2979 327 3056 liquere
365 2972 424 3038 ait'
457 2979 491 3039 D.
517 2981 571 3055 33,
592 2981 647 3057 10,
668 2982 696 3056 7,
717 2970 761 3058 2).
816 2996 876 3036 666
913 2980 1033 3036 tantum
1065 2977 1132 3037 Ioco

117 3067 199 3125 idem
231 3072 322 3145 atque
351 3065 457 3127 Ofilius
488 3069 518 3125 et
546 3066 708 3126 Cascellius
736 3070 845 3143 putare
872 3065 994 3125 dicitur:
1028 3084 1132 3126 omnes

119 3173 138 3214 6
161 3156 303 3215 Trebatio
333 3155 514 3216 dissentiunt
537 3148 724 3236 (Trebatius
748 3155 848 3214 aiebat
947 3153 1053 3214 Ofilius
1077 3153 1134 3213 Oa·

117 3244 239 3303 scellius
263 3245 381 3304 Tubero
405 3235 526 3321 putant'
549 3243 585 3302 D.
604 3246 655 3319 33,
671 3247 699 3322 6,
716 3237 759 3323 7).
801 3243 987 3303 definitiones
1011 3262 1131 3318 quoque

118 3350 211 3500 ponas
239 3333 322 3392 dedit
349 3336 385 3392 ut
413 3332 609 3409 supellectilis
639 3330 760 3412 (D33,
781 3334 831 3409 10,
853 3334 880 3409 7,
901 3324 935 3413 1)
963 3334 994 3390 66
1021 3331 1132 3406 peculii

137 3420 170 3478 D.
193 3423 242 3493 15,
263 3425 291 3499 1,
311 3424 339 3499 5,
359 3414 404 3501 4).

202 3509 393 3570 Tuberonem
421 3509 552 3571 laudant
579 3509 716 3588 inprimIs
737 3509 839 3568 Labeo
864 3507 1065 3584 posteriorum
1089 3504 1133 3586 (v.
