2422 3840
95 175 114 238 8
273 174 293 231 Ι.
318 175 445 243 QUINTI
464 174 616 231 sescum
633 175 730 232 IURIS
749 175 927 232 CONSULTI

189 341 214 402 1.
241 337 321 403 Plin.
340 339 371 403 h.
390 361 420 403 n.
440 340 470 423 8,
484 337 536 422 51,
553 340 603 404 77.
629 376 666 386 —
693 337 912 404 Coruncanius
936 342 1103 406 ruminalis

98 426 222 490 hostias
247 428 346 492 donee
369 427 515 492 bidentes
539 427 666 511 fierent,
688 449 785 510 puras
808 432 949 513 negavit.

186 516 214 580 2.
240 514 350 581 Cicero
370 517 408 580 de
427 517 490 600 leg.
508 517 538 598 2,
552 516 604 596 21,
619 516 671 582 52.
686 553 728 562 —
744 517 866 599 placuit
883 516 917 580 P.
933 515 1103 583 Scaevolae

95 607 128 667 et
146 603 193 668 Ti.
213 601 424 688 Coruncanio,
448 604 653 687 pontificibus
677 605 835 688 maximis,
857 607 996 690 itemque
1019 612 1102 672 cete-

94 691 148 770 ris,
169 714 232 775 eos,
253 695 307 777 qui
326 693 515 758 tantundem
536 699 695 778 caperent,
714 698 869 778 quantum
887 717 997 759 omnes
1012 695 1103 761 here-

95 781 164 863 des,
187 783 287 847 sacris
312 781 446 866 alligari.

291 1061 331 1144 6.
370 1067 596 1140 ΑΝΟΝῩΜΙ
623 1066 908 1140 RESPONSUM

181 1228 279 1287 Huius
303 1228 365 1287 fere
386 1228 530 1304 temporis
548 1227 669 1290 videtur
687 1247 863 1304 responsum
882 1230 962 1305 quod
981 1229 1101 1290 subieci.

183 1345 252 1411 Gai.
272 1347 368 1432 4,11.
391 1383 428 1394 ·—
522 1369 593 1410 eum
619 1347 673 1432 qui
697 1347 738 1421 de
758 1349 877 1412 vitibus
902 1348 1032 1413 succisis
1055 1349 1102 1413 ita

96 1436 225 1520 egisset,
248 1440 284 1500 ut
307 1438 342 1500 in
366 1437 491 1500 actione
514 1436 597 1500 vites
620 1438 809 1517 nominaret,
832 1458 1022 1521 responsum
1043 1440 1102 1517 est,

95 1545 162 1588 rem
195 1524 384 1609 perdidisse,
417 1547 489 1590 eum
517 1525 681 1589 debuisset
709 1526 838 1589 arbores
867 1526 1034 1591 nominare
1062 1548 1100 1590 eo

94 1612 179 1696 quod
209 1613 260 1677 lex
283 1613 346 1678 XII
373 1614 571 1695 tabularum,
598 1635 637 1677 ex
665 1635 728 1697 qua
757 1613 794 1677 de
822 1613 941 1678 vitibus
968 1614 1100 1680 succisis

94 1701 179 1766 aetio
218 1705 418 1786 conpeteret,
459 1701 652 1788 generaliter
688 1701 725 1766 de
755 1701 932 1788 arboribus
969 1702 1100 1767 succisis

93 1789 304 1874 loquereturl.

166 1969 179 2016 1
207 1963 294 2019 Verbo
314 1964 357 2019 ‘eo
377 2007 382 2018 .
399 2008 404 2020 .
422 2008 427 2019 .
447 1964 619 2034 loqueretur'
639 1982 696 2020 noa
713 1981 855 2036 responso,
878 1967 924 2022 sed
943 1965 1102 2037 explicandi

92 2050 177 2089 causa
194 2040 287 2103 postea
305 2037 403 2091 addito
421 2052 474 2091 esse
492 2041 614 2105 apparet.
