2422 3840
305 164 330 216 8.
358 159 510 216 SERVIUS
530 158 714 215 SULPICIUS
733 159 849 215 RUFUS
1020 159 1082 223 173

166 322 231 390 18?
264 321 303 386 D.
322 322 375 407 35,
395 325 423 406 1,
446 323 498 405 40,
519 325 548 387 1.
592 320 681 386 Idem
708 319 908 409 (Iavolenus)
931 323 1015 388 libro
1039 346 1085 388 se-

77 413 181 479 cundo
197 433 236 476 ex
250 412 483 496 posterioribus
498 411 665 476 Labeonis.
694 410 829 486 Quidam
845 413 892 475 ita
906 412 1085 496 legaverat:

78 500 122 566 ‘si
153 499 290 566 Publius
323 497 491 565 Cornelius
527 501 719 584 impensam,
757 522 853 583 quam
885 500 919 564 in
950 499 1085 565 fundum

78 589 232 656 Seianum
264 589 340 670 feci,
371 589 481 653 heredi
512 590 576 654 mei
607 589 744 673 dederit,
774 592 844 652 tum
874 588 967 652 heres
995 611 1085 655 meus

76 679 195 744 Publio
225 675 376 742 Cornelio
408 677 542 743 fundum
574 675 725 742 Seianum
759 676 860 742 dato'.
908 675 1085 744 Cascellius

77 768 188 833 aiebat
214 765 311 832 etiarn
339 768 481 852 pretium
508 767 600 831 fundi
627 766 697 830 dari
726 766 853 844 debere,
886 764 1000 830 Ofilius
1026 768 1086 831 im-

76 877 197 941 pensae
216 855 314 921 verbo
332 859 432 941 negat
450 857 589 942 pretium
609 855 795 940 significari,
814 856 870 919 sed
889 876 943 918 eos
958 859 1086 920 tantum

77 948 239 1029 sumptus,
262 966 343 1028 quos
365 945 399 1008 in
423 966 494 1009 eurn
519 948 729 1028 posteaquam
751 947 878 1024 emptus
898 949 983 1009 esset
1002 945 1086 1010 fecit.

77 1034 164 1098 idem
197 1031 301 1099 Cinna
337 1034 448 1098 scribit
480 1033 606 1097 adiecto
638 1055 690 1115 eo,
726 1033 810 1115 quod
842 1055 909 1097 non
941 1033 1085 1098 deductis

78 1121 240 1187 fructibus
262 1122 481 1206 impensarum
504 1121 588 1186 ratio
611 1122 724 1186 haberi
748 1122 870 1187 debeat.

166 1234 308 1310 Fortasse
345 1248 441 1311 Servii
476 1269 652 1328 responsum
685 1251 780 1311 Cinna
815 1252 936 1328 retulit,
971 1252 1016 1309 ita
1050 1256 1089 1311 ut

77 1340 252 1400 Labeonem
271 1338 313 1398 sic
332 1340 483 1416 scripsisse
501 1343 609 1416 putare
628 1340 739 1416 possis:
763 1333 854 1400 ‘idem
872 1339 966 1399 Cinna
984 1340 1089 1400 scribit

79 1427 242 1506 <Servium
264 1424 473 1508 respondisse>
495 1423 622 1490 adiecto'
646 1431 676 1489 et
699 1450 726 1506 q.
747 1446 770 1488 s.
868 1489 869 1492 ,

169 1556 221 1622 19.
258 1556 296 1620 Ι).
321 1557 378 1638 33,
398 1557 431 1641 7,
452 1558 492 1622 16
524 1558 593 1638 §2
647 1555 784 1621 Alfenus
824 1557 908 1622 libro
950 1557 1088 1621 secundo

78 1645 291 1730 Digestorum
319 1645 464 1710 aPaulo
493 1645 745 1731 epitomatorem
773 1645 820 1729 (P.
839 1644 906 1731 44).
952 1644 1088 1722 Quidam

79 1735 172 1799 uxori
195 1732 344 1818 fundum,
368 1735 416 1799 uti
438 1735 615 1799 instructus
639 1739 738 1812 esset,
761 1735 795 1798 in
819 1756 881 1818 quo
904 1735 974 1818 ipse
997 1734 1089 1799 habi·

80 1823 186 1905 tabat,
217 1823 345 1906 legarit.
395 1823 560 1888 consultus
593 1823 631 1887 de
664 1823 851 1888 mulieribus
880 1823 1018 1887 lanificis
1048 1845 1090 1887 an

81 1913 298 1976 instrumento
322 1912 572 1993 continerentur,
595 1911 760 1995 respondit
783 1933 848 1976 non
873 1911 1001 1994 quidem
1020 1932 1090 1975 esse

81 2000 290 2064 instrumenti
321 1999 426 2082 fundi,
459 2001 515 2066 sed
544 2000 697 2085 quoniam
723 2000 792 2083 ipse
819 2004 913 2084 pater
939 1998 1091 2081 familias,

83 2089 138 2173 qni
169 2088 325 2173 legasset,
357 2089 392 2153 in
425 2111 462 2154 eo
493 2089 593 2154 fundo
624 2088 819 2170 habitasset,
851 2086 992 2151 dubitari
1024 2107 1090 2150 non

84 2179 243 2261 oportere,
265 2178 344 2261 quin
366 2181 399 2242 et
423 2178 559 2243 ancillae
582 2182 615 2242 et
638 2182 762 2242 ceterae
780 2198 841 2258 res,
864 2176 979 2259 quibus
998 2178 1091 2258 pater

83 2265 224 2331 familias
251 2266 286 2330 in
313 2288 352 2331 eo
377 2266 477 2332 fundo
504 2271 589 2332 esset
612 2267 802 2349 instructus,
830 2286 941 2330 omnes
965 2265 1091 2349 legatae

83 2354 276 2419 riderentur.

172 2453 224 2518 20.
255 2451 294 2517 D.
312 2453 369 2534 33,
389 2454 418 2532 l,
443 2455 498 2537 12,
517 2454 613 2519 3-6.
650 2453 809 2536 Ulpianus
832 2452 917 2518 libro
939 2450 1091 2517 vicesimo

87 2541 125 2604 ad
158 2539 314 2605 Sabinum
348 2541 396 2627 (P.
424 2539 537 2628 2609).
588 2543 772 2627 Quaeritur,
788 2565 845 2606 oan
879 2563 1005 2623 servus,
1037 2541 1091 2626 qui

87 2630 179 2714 quasi
207 2630 341 2695 colonus
367 2630 402 2693 in
431 2652 509 2716 agro
536 2637 618 2716 erat,
646 2634 862 2696 instrumento
886 2632 995 2716 legato
1019 2652 1092 2694 con·

86 2719 237 2782 tineatnr.
284 2722 318 2782 et
339 2717 449 2784 Labeo
478 2723 511 2784 et
536 2719 676 2803 Pagreus
704 2726 789 2785 recte
816 2723 1093 2806 negaverunt

88 2806 279 2871 saltuarium
312 2811 420 2872 autem
447 2807 556 2873 Labeo
587 2809 714 2892 quidem
740 2813 835 2894 putat
862 2831 936 2874 cum
965 2808 1093 2872 demum

89 2895 255 2980 contineri,
273 2898 327 2981 qui
345 2896 509 2961 fructuum
529 2898 820 2962 conservandorum
839 2899 946 2982 gratia
959 2900 1093 2981 paratus

88 2984 143 3069 sit,
172 3005 246 3048 eum
270 3006 350 3068 non,
378 2986 433 3069 qui
455 2986 569 3050 finium
592 2986 876 3053 custodiendorum
900 3007 1011 3070 causa,
1038 2984 1093 3048 sed

87 3069 241 3138 Neratius
280 3073 378 3139 etiam
410 3074 496 3139 hunc
623 3074 792 3139 Trebatius
824 3074 962 3158 amplius
995 3073 1094 3137 etiam
1175 3109 1176 3112 =

88 3165 237 3244 putorem
270 3166 303 3226 et
334 3166 517 3247 tonsorem,
554 3163 608 3247 qui
644 3162 786 3227 familiae
821 3163 960 3227 rusticae
998 3183 1094 3226 causa

88 3250 194 3334 parati
218 3253 307 3335 sunt,
332 3255 429 3335 putat
451 3253 622 3334 contineri,
649 3251 730 3315 item
753 3251 895 3333 fabrum,
922 3251 977 3334 qui
999 3251 1094 3314 villae

90 3338 277 3403 reficiendae
300 3361 397 3404 causa
419 3345 552 3426 paratus
576 3341 628 3426 sit,
651 3344 684 3403 et
707 3340 858 3404 mulieres
878 3360 959 3422 quae
977 3360 1095 3422 panem

91 3429 229 3511 coquant
259 3450 404 3513 quaeque
431 3430 545 3495 villam
573 3431 714 3511 servent,
745 3428 824 3492 item
852 3427 1033 3512 molitores,
1066 3429 1095 3494 si

92 3514 130 3579 ad
152 3538 246 3581 nsum
270 3517 425 3583 rusticum
447 3517 554 3603 parati
578 3521 669 3605 sunt,
689 3517 773 3585 item
791 3515 958 3584 locarium
975 3522 1015 3581 et
1029 3517 1108 3581 *inix-
