2422 3840
119 135 183 199 382
210 134 283 189 Vlll.
299 134 432 190 OCTAVI
446 134 546 191 SAEC.
559 133 656 189 IURIS
671 131 844 191 CONSULT.
855 134 980 190 sufflas
994 134 1128 192 TERTIA

83 305 85 308 ’
208 297 259 364 15.
291 295 403 363 (licere
435 297 588 363 Trebatio
621 321 645 363 s.
675 334 713 344 —
749 297 899 363 illuseras
936 298 1005 362 heri
1041 300 1128 364 inter

117 387 270 471 scyphos,
297 385 383 472 quod
411 385 553 450 dixeram
581 387 833 452 controversiam
861 408 944 465 esse,
972 392 1126 471 possetne

117 475 223 556 heres,
255 475 341 560 quod
371 474 495 538 furtum
527 479 623 540 antea
655 474 776 540 factum
805 479 902 560 esset,
929 476 1009 540 furti
1038 481 1127 542 reete

116 585 220 648 agere.
270 563 378 648 itaque
403 564 465 629 etsi
488 564 618 628 domum
642 564 723 628 bene
746 568 842 647 potus
866 586 1000 649 seroque
1024 566 1126 630 redie-

116 675 200 734 ram,
236 657 346 716 tamen
382 651 415 715 id
451 657 561 736 caput,
601 653 656 717 ubi
693 652 772 718 baec
809 653 1029 718 controversia
1065 659 1126 738 est,

115 741 227 806 notavi
254 744 287 805 et
314 740 507 825 descriptum
532 741 593 805 tibi
617 741 706 826 misi,
729 745 766 806 ut
788 741 886 806 scires
909 742 955 825 id,
980 742 1065 826 quod
1089 748 1125 808 tu

115 829 277 894 neminem
301 829 439 893 sensisse
462 828 603 915 dicebas,
627 829 696 896 Sex.
715 831 853 910 Aelium,
875 829 927 896 M'.
946 831 1125 918 Manilium,

115 917 158 983 M.
182 918 320 982 Brutum
343 918 492 982 sensisse.
537 939 597 1004 ego
622 924 732 984 lamen
755 916 928 985 Scaevolae
953 925 985 984 et
1008 920 1125 985 Testae

118 1007 290 1072 adsentior.
319 1002 406 1093 (VII,
424 1003 483 1093 22)

205 1096 255 1160 16.
284 1094 396 1160 (licere
424 1095 577 1160 Trebatio
606 1118 630 1160 s.
654 1132 697 1141 —
720 1094 902 1160 Amabilior
925 1095 1004 1160 mihi
1029 1096 1125 1162 Velia

114 1183 185 1260 fuit,
211 1183 295 1268 quod
318 1188 351 1247 te
375 1184 415 1248 ab
440 1205 478 1247 ea
502 1185 586 1248 sensi
609 1185 711 1248 amari
810 1189 854 1261 tu,
877 1186 905 1249 si
929 1207 979 1250 me
1003 1187 1124 1272 audies,

114 1294 209 1357 quem
231 1273 326 1354 soles,
348 1270 407 1337 bas
425 1275 578 1357 paternas
601 1273 822 1357 possessiones
845 1274 971 1338 tenebis
1072 1297 1125 1339 ne-

113 1383 174 1446 que
188 1359 349 1435 Haletem,
363 1361 503 1426 nobilem
519 1383 656 1446 amnem,
669 1361 828 1445 relinques
842 1383 901 1428 nec
915 1361 1124 1446 Papirianam

113 1450 243 1515 domurn
273 1449 399 1514 deseres
497 1449 645 1535 inprimis
669 1457 884 1537 opportunum
908 1451 1049 1537 videtur,
1072 1453 1123 1517 his

112 1538 303 1622 praesertim
343 1538 557 1621 temporibus,
599 1538 718 1604 habere
758 1539 941 1624 perfugium
982 1540 1122 1623 primum

114 1648 224 1691 eorum
247 1626 374 1710 urbem,
397 1627 514 1712 quibus
537 1649 629 1692 carus
654 1629 713 1712 sis,
740 1627 852 1691 deinde
876 1631 966 1692 tuam
990 1629 1123 1696 domum

41 1799 44 1803 ,
113 1720 248 1800 tuosque
277 1735 391 1799 agros,
414 1737 514 1799 eaque
540 1720 679 1801 remoto,
707 1716 842 1800 salubri,
871 1738 1007 1782 amoeno
1035 1719 1123 1803 loco,

113 1805 209 1888 idque
233 1803 333 1868 etiam
355 1826 428 1869 mea
450 1805 614 1888 interesse,
636 1806 682 1870 mi
705 1804 851 1889 Trebati,
874 1805 1023 1870 arbitror.
1067 1809 1122 1872 sed
1168 1862 1171 1867 .

71 1919 76 1925 ·
111 1893 234 1957 valebis
262 1913 395 1975 meaque
423 1894 556 1980 negotia
588 1893 713 1959 videbis
746 1915 859 1979 meque
891 1893 950 1958 diis
983 1895 1122 1961 iuvanti-

111 1982 171 2047 bus
190 1985 271 2067 ante
293 1981 440 2046 brumam
464 1983 666 2067 exspectabis

200 2093 282 2155 XIII.
305 2093 371 2152 Kal.
395 2093 498 2154 Sextil.
522 2093 616 2153 Velia.
648 2088 731 2174 (VH,
751 2085 809 2174 20)

202 2204 254 2267 17.
282 2201 394 2268 Cicero
422 2202 574 2269 Trebatio
599 2226 623 2267 s.
645 2239 683 2250 -
709 2206 830 2269 ...ut
856 2204 996 2287 primum
1024 2204 1122 2270 Velia

111 2293 267 2377 navigare
300 2293 403 2376 coepi,
439 2291 567 2356 institui
601 2292 723 2376 Topica
754 2290 951 2357 Aristotelea
983 2297 1133 2360 conseri.

111 2381 187 2445 bere
306 2401 377 2444 cum
406 2380 539 2444 librum
557 2381 619 2445 tibi
650 2381 725 2444 misi
753 2380 856 2466 Regio
976 2382 1027 2446 sin
1059 2383 1122 2448 tibi
1161 2409 1164 2415 ·

112 2470 269 2553 quaedam
291 2469 485 2533 videbuntur
511 2469 706 2554 obscuriora,
729 2471 873 2554 cogitare
896 2470 1027 2535 debebis
1050 2472 1123 2536 nul-

111 2557 177 2621 lam
202 2561 304 2621 artem
328 2556 454 2620 litteris
472 2558 540 2622 sine
563 2559 738 2641 interprete
762 2562 796 2622 et
819 2557 887 2623 sine
906 2559 1013 2644 aliqua
1033 2582 1122 2626 exsr-

17 2708 20 2713 ,
111 2645 264 2710 citatione
291 2645 413 2730 percipi
440 2667 543 2729 posse.
592 2669 654 2711 non
681 2648 779 2732 longe
808 2647 940 2712 abieris:
967 2670 1045 2713 num
1069 2651 1121 2714 ius

111 2734 203 2799 civile
232 2741 373 2797 vestrum
401 2756 440 2798 ex
464 2735 558 2799 libris
582 2735 733 2820 cognosci
755 2735 885 2820 potest?
931 2737 986 2820 qui
1009 2760 1122 2821 quam·

110 2844 207 2906 quam
239 2822 370 2906 plurimi
403 2826 491 2908 sunt,
524 2823 686 2889 doctorem
716 2828 824 2888 tamen
853 2847 1009 2908 usumque
1039 2827 1123 2890 desi·

109 2913 223 2976 derant

197 3025 233 3083 V.
256 3022 324 3083 Kal.
347 3021 451 3084 Sextil.
474 3023 577 3101 Regio.
615 3016 776 3105 (V11,19)

197 3229 308 3287 Romae
335 3227 429 3287 redux
451 3227 531 3287 inter
553 3227 689 3288 Caesaris
711 3229 874 3288 familiares
896 3231 1121 3304 perseverabat.
1177 3306 1180 3313 1

5 3351 6 3354 =
108 3336 177 3376 cum
196 3317 324 3376 dictator
341 3319 442 3391 patres
457 3317 641 3393 conscriptos
656 3336 710 3393 pro
724 3318 797 3377 aede
812 3317 936 3378 Veneris
950 3317 1123 3380 Genetricis

106 3405 213 3464 sedens
238 3407 394 3482 exciperet,
418 3405 577 3464 Trebatius
601 3426 668 3465 eum
692 3407 855 3485 admonuit,
878 3411 914 3466 ut
936 3413 1119 3485 assurgeret.

90 3510 120 3549 a.
148 3488 275 3575 720s34
306 3495 355 3557 vel
384 3514 410 3556 a.
436 3495 560 3578 talpas
586 3494 731 3555 Horatius
759 3514 844 3556 serm.
866 3498 932 3574 2‚1
963 3515 1032 3556 eum
1060 3497 1120 3558 sibi
