2422 3840
81 155 1025 215 ramuscula-ranosra-re.1N0.1sssP.-1⁷.LIB.SP.
1044 160 1085 223 41

424 361 615 421 Actionum
637 361 745 421 libri?

170 478 205 538 A.
229 479 352 538 Pernioe
378 471 492 555 ‘legem
514 471 688 537 Hostiliam'
710 497 754 553 pr.
773 478 797 537 Ι.
820 480 850 554 4,
866 481 907 538 10
934 479 1087 539 laudatam

77 569 112 628 in
142 568 318 628 memoriam
350 570 483 643 revocat,
516 585 575 643 qua
602 559 798 642 ‘permissum
825 570 871 626 est
897 567 972 626 furti
999 586 1087 645 agere

77 677 184 717 eorum
210 656 343 733 nomine,
371 655 422 733 qui
449 655 529 731 apud
555 656 657 715 hostes
685 658 783 715 essent
810 660 863 715 aut
885 657 928 716 roi
950 657 1087 732 publicae

77 765 171 807 eausa
207 745 345 804 abessent
380 745 468 820 quive
505 745 537 802 in
573 762 677 803 eorum
713 744 798 803 ouius
834 746 931 804 tutela
964 739 1087 804 essent'.

77 836 116 894 of.
141 833 296 909 Theophil.
323 854 350 909 p.
374 835 449 893 462.
494 833 655 892 formulam
683 833 720 891 ab
746 832 877 893 Hostilio
904 834 1088 910 propositam

77 922 195 1001 posteri
218 941 271 998 pro
295 922 361 1000 lege
383 921 525 981 habuisse
549 920 695 980 videntur.

506 1113 665 1122 -ι--ι-ο--ι-

283 1250 352 1334 lss.
384 1258 437 1329 IN
441 1256 582 1373 OEB'PI
609 1256 893 1331 RESPONSUM

171 1395 210 1462 D.
229 1396 384 1480 49,15,5
406 1395 603 1480 Pomponius
628 1396 712 1462 libro
736 1397 927 1482 trigensimo
951 1397 1089 1480 septimo

81 1486 123 1551 ad
144 1485 299 1562 Quintum
318 1485 461 1550 Mucium
476 1482 524 1570 (P.
539 1483 628 1573 319).
650 1523 688 1532 -
780 1488 814 1550 in
832 1485 936 1551 Atilio
955 1485 1090 1570 Regulo,

82 1596 180 1661 quem
212 1571 496 1658 Carthaginienses
526 1574 663 1639 Romam
697 1576 869 1653 miserunt,
901 1597 1090 1661 responsum

81 1668 146 1748 est,
169 1685 234 1728 non
259 1684 328 1727 esse
351 1685 424 1728 eum
447 1663 647 1748 postliminio
670 1685 842 1729 reversum.

380 1997 446 2080 17.
484 2002 614 2075 LIBRI
644 2002 799 2075 SPURII

176 2146 278 2208 Cicero
302 2148 338 2207 de
362 2167 403 2209 or.
428 2151 461 2218 2,
482 2150 546 2207 224
574 2142 655 2206 ‘tum
683 2167 719 2206 ox
746 2146 823 2206 libro
848 2145 953 2223 tertio,
980 2146 1011 2203 in
1035 2165 1092 2221 quo

84 2237 176 2318 finem
196 2235 342 2296 scribendi
361 2237 433 2296 feoit
451 2229 514 2319 (tot
532 2237 619 2313 enim,
638 2241 673 2296 ut
686 2235 788 2295 audivi
802 2235 974 2295 Scaevolam
988 2234 1093 2311 dicere,

85 2329 159 2384 sunt
176 2325 241 2384 veri
255 2325 343 2384 Bruti
356 2317 454 2407 libri)'
470 2329 500 2385 et
513 2345 540 2402 q.
556 2344 578 2384 s.
601 2324 783 2402 Pomponius
801 2318 822 2397 ξ
839 2327 878 2384 39
899 2316 919 2384 ‘.
930 2367 953 2384 ..
969 2323 1093 2383 Publius

85 2414 204 2472 Munius
302 2415 404 2474 decem
426 2415 543 2474 libellos
566 2414 699 2491 reliquit,
721 2414 835 2473 Brutus
854 2415 978 2490 septem,
999 2413 1094 2471 Mani-

84 2503 146 2562 lius
172 2496 255 2562 tres'.
302 2522 378 2578 quae
404 2503 498 2563 verba
524 2503 582 2564 viri
605 2503 686 2562 docti
708 2503 751 2561 ita
773 2508 891 2561 mutare
914 2502 1032 2579 volunt,
1059 2505 1095 2560 ut

85 2585 245 2650 ‘Manilius
273 2595 399 2668 septem,
427 2592 540 2651 Brutus
563 2584 641 2651 tres'
664 2593 792 2669 legatur.
838 2592 876 2650 of.
897 2610 926 2665 p.
947 2592 998 2650 26.
1044 2590 1095 2650 sed

86 2698 135 2739 res
159 2681 208 2738 vel
231 2679 275 2739 ita
298 2680 441 2756 explicari
462 2683 572 2757 potest,
595 2684 631 2739 ut
649 2680 739 2738 Bruti
761 2679 846 2739 libris
866 2680 927 2738 iam
946 2677 1095 2738 Ciceronis

86 2771 187 2828 aetate
212 2769 328 2844 spurios
352 2769 468 2829 additos
491 2769 584 2829 fuisse
608 2771 790 2845 statuamus,
818 2787 892 2844 quos
915 2768 1095 2844 Pomponius

85 2858 135 2919 vel
157 2859 263 2917 auctor
282 2857 346 2917 eius
364 2878 382 2917 a
400 2857 538 2934 genuinis
556 2876 615 2917 non
635 2857 807 2917 seiunxerit.
847 2857 984 2934 Krueger
1002 2877 1029 2932 p.
1045 2857 1095 2916 56.
