2422 3840
307 169 332 219 8.
359 161 511 218 SERVIUS
531 161 716 218 SULPICIUS
734 162 852 218 RUFUS
1021 163 1086 226 223

80 325 187 392 Seium
211 325 293 390 duae
315 330 425 410 partes
449 326 572 408 damni,
595 325 713 390 lucrit
700 329 765 389 tter
752 327 810 405 t,ia
834 349 875 390 an
898 332 969 389 rata
934 325 1088 390 tadebet

78 416 189 480 haberi
223 413 402 479 conventio.
460 413 598 490 Quintus
632 414 757 478 Mucius
790 421 905 478 contra
935 418 1085 478 naturam

79 504 284 570 societatist
271 503 370 567 talem
397 504 581 585 pactionem
607 525 677 567 esse
701 503 899 567 existimavit
928 504 1030 566 etob
1053 504 1086 567 id

78 615 141 658 non
170 614 243 656 esse
270 595 376 656 ratam
402 590 592 656 habendam.
639 590 767 657 Servius
792 589 968 692 Sulpiciae,
996 592 1086 656 cuius

79 681 241 746 sententia
268 681 463 764 praevaluit,
494 685 569 745 cont
570 702 608 744 ra
635 681 748 762 sentit,
782 681 856 764 quia
886 702 980 764 saepe
1011 703 1086 765 quo-

78 771 212 835 rundam
240 770 287 833 ita
316 768 460 852 pretiosa
489 774 540 834 est
569 790 667 853 opera
698 770 733 833 in
763 770 930 850 societate,
962 772 999 833 ut
1031 791 1086 833 eos

77 859 198 924 iustum
222 858 266 924 sit
289 858 421 922 meliore
440 857 624 922 condicione
643 859 677 921 in
692 858 878 922 societatem
894 858 1030 923 admitti.
1053 907 1083 923 ..

78 952 106 1012 et
134 948 216 1012 adeo
245 949 358 1011 contra
381 945 494 1021 Quinti
516 946 614 1011 Mucii
642 946 835 1011 sententiam
863 947 1022 1030 optinuit,
1049 953 1086 1010 ut

78 1035 158 1100 illud
198 1056 326 1119 quoque
363 1034 547 1099 constiterit
583 1057 679 1119 posse
715 1036 900 1118 convenire,
942 1041 979 1099 ut
1015 1037 1087 1119 quis

77 1125 155 1189 lucri
189 1128 317 1208 partem
349 1122 451 1206 ferat,
488 1123 604 1188 damno
636 1146 703 1188 non
735 1128 899 1207 teneatur,
936 1125 1021 1208 quod
1054 1128 1086 1187 et

77 1213 184 1298 ipsum
222 1211 351 1277 Servius
389 1213 616 1277 convenienter
652 1213 715 1276 sibi
751 1213 964 1294 existimavit,
1001 1213 1086 1296 quod

77 1306 188 1366 tamen
210 1302 257 1365 ita
279 1301 419 1385 intelligi
442 1305 581 1385 oportet,
604 1306 641 1366 ut
664 1303 692 1365 si
714 1302 750 1365 in
771 1302 931 1385 aliquare
952 1302 1087 1383 lucrum,

76 1392 108 1456 in
136 1391 248 1474 aliqua
276 1390 428 1454 damnum
457 1391 592 1454 allatum
623 1390 680 1475 sit,
711 1391 971 1473 compensatione
998 1390 1087 1454 faeta

78 1480 183 1545 solum
207 1478 293 1563 quod
316 1481 465 1561 superest
486 1479 696 1563 intellegatur
718 1478 799 1544 lucri
822 1501 900 1545 esse.

165 1563 212 1632 8⁶.
240 1566 280 1631 D.
301 1569 351 1644 17,
369 1568 400 1648 2,
418 1567 460 1630 29
471 1589 519 1651 pr.
562 1566 722 1650 Ulpianus
746 1569 830 1632 libro
854 1568 1022 1653 trigesimo
1047 1568 1087 1631 ad

77 1655 233 1722 Sabinum
262 1653 312 1740 (P.
334 1655 445 1739 2742).
492 1656 520 1720 si
547 1678 622 1720 vero
650 1657 821 1739 placuerit,
848 1662 885 1721 ut
912 1658 983 1741 quis
1008 1657 1086 1720 duas

77 1749 187 1830 partes
212 1746 352 1810 veltres
376 1744 504 1826 habeat,
527 1745 608 1809 alius
627 1767 734 1826 unam,
758 1767 800 1810 an
819 1744 947 1809 valeat?
980 1746 1087 1829 placet

78 1835 202 1912 valere,
234 1834 262 1897 si
293 1832 388 1897 modo
422 1833 544 1917 aliquid
576 1834 649 1916 plus
683 1833 824 1898 contulit
856 1835 1004 1897 societati
1036 1834 1087 1897 vel

79 1923 235 2006 pecuniae
249 1922 300 1985 vel
315 1943 431 2005 operae
446 1923 497 1985 vel
512 1923 725 2005 cuiuscunque
741 1922 873 1986 alterius
888 1923 935 1986 rei
951 1924 1087 2021 [causa]

165 2011 210 2075 97
241 2010 281 2075 D.
302 2011 352 2093 17,
366 2011 401 2092 2,
420 2010 477 2094 65,
492 2012 521 2075 8.
566 2011 685 2074 Paulus
715 2011 840 2075 librot
826 2011 1017 2094 trigensimo
1041 2033 1087 2073 se-

77 2100 182 2166 cundo
206 2099 247 2162 ad
271 2099 410 2162 edictum
435 2061 484 2184 (P'.
502 2095 664 2186 495).t
632 2099 716 2162 Item
740 2099 896 2180 scriptum
920 2101 969 2161 est
992 2120 1087 2180 posse

77 2187 282 2272 procuratori
318 2209 445 2272 quoque
483 2210 554 2253 meo
592 2179 713 2252 socium
752 2209 858 2251 meum
890 2187 1086 2250 renuntiare.

78 2277 162 2362 quod
179 2275 309 2342 Servius
329 2278 413 2360 apud
428 2277 625 2341 Alfenum't
600 2281 625 2340 rt
627 2300 646 2340 a
663 2280 770 2340 notat:
789 2297 858 2340 esse
875 2276 909 2339 in
905 2297 964 2429 tpo
967 2279 1086 2339 testate

78 2365 211 2450 domini,
231 2387 303 2429 cum
321 2367 525 2448 procuratori
542 2367 610 2430 eius
629 2367 849 2430 renuntiatum
869 2370 929 2449 est,
946 2387 989 2428 an
1008 2363 1087 2428 velit

78 2459 182 2519 ratam
207 2453 326 2517 habere
350 2450 627 2519 renuntiationem.

166 2564 255 2635 Quod
282 2557 444 2640 ‘scriptum
471 2560 542 2643 est',
570 2565 691 2625 Servius
718 2567 750 2624 in
772 2566 863 2624 Mucii
891 2565 965 2623 iuris
992 2564 1087 2623 civilis

79 2653 155 2715 libro
165 2654 238 2713 XIV
252 2653 362 2730 legisse
372 2654 499 2715 videtur.
523 2655 625 2730 itaque
638 2655 670 2713 in
682 2655 775 2713 Mucii
789 2654 966 2731 fragmentis
979 2672 1087 2729 ponere

78 2743 230 2803 debebam.

500 2832 547 2891 Dc
567 2833 662 2905 furtis.

169 2943 221 3008 10.
254 2940 414 3021 Gaius3,
434 2942 504 3006 183.
550 2940 725 3007 Furorum
750 2945 804 3005 au
806 2964 856 3005 em
880 2961 999 3025 genera
1022 2939 1088 3004 Ser.

82 3029 240 3121 Sulpicius
269 3035 302 3095 et
324 3029 486 3095 Masurius
511 3028 649 3095 Sabinus
676 3034 813 3114 quatuor
837 3052 906 3094 esse
930 3030 1089 3107 dixerunt,

81 3120 232 3185 manifest
218 3124 288 3184 tum
307 3123 341 3183 et
358 3142 418 3184 nec
437 3119 589 3184 manifest
575 3124 643 3182 tum
645 3122 807 3204 ,tconcep
808 3142 862 3182 um
882 3123 914 3182 et
900 3117 1023 3182 ttobla
1009 3122 1088 3180 turn.

119 3232 212 3290 De
236 3231 270 3302 Q.
288 3231 380 3290 Mucii
403 3230 552 3290 sententia
573 3252 600 3291 v.
620 3249 711 3306 supra
733 3252 761 3306 p
783 3233 833 3289 97.

169 3343 220 3407 11
250 3340 289 3405 D.
309 3342 361 3426 47,
375 3343 404 3422 2,
425 3343 520 3424 771.
561 3340 651 3405 Idem
675 3337 901 3425 (Pomponius)
925 3338 1046 3403 librot
1032 3337 1087 3401 tri·

83 3431 204 3515 gesimo
228 3434 344 3495 octavo
352 3391 407 3494 ad
428 3392 527 3505 Qdint
528 3453 583 3494 urn
601 3429 744 3495 Mucium
768 3425 817 3515 (P.
832 3426 921 3515 322).
959 3425 992 3490 Si
1017 3427 1087 3511 quis

83 3519 184 3590 alteri
198 3519 321 3584 furtum
344 3519 496 3584 fecerite
498 3520 567 3584 tid
498 3521 677 3607 tquod
700 3519 868 3606 subripuit
889 3519 979 3583 alius
999 3517 1046 3579 clo
1064 3535 1106 3574 eo
