2422 3840
361 159 402 209 10.
425 152 456 208 P.
475 150 610 208 Muclus
629 149 818 207 sclavum
1048 153 1091 216 33

81 315 214 399 dixerit,
243 339 306 401 quo
334 316 468 401 parietis
494 316 673 382 communis
696 314 826 399 tegendi
850 336 946 380 causa
968 320 1089 382 tectum

81 405 293 489 proiceretur,
321 427 359 470 ex
387 427 450 490 quo
478 405 511 472 in
538 407 658 468 tectum
685 403 753 467 eius
777 403 878 487 aedis,
905 406 960 491 qui
982 409 1090 490 prote-

81 493 198 572 xisset,
223 515 307 577 aqua
329 493 515 578 proflueret,
538 492 570 556 id
594 491 655 556 tibi
677 493 727 556 ius
750 491 860 558 videri.

171 583 201 646 3.
227 583 320 647 Auct.
340 584 378 646 ad
398 581 535 646 Herenn.
555 581 717 665 2,13,19.
739 616 776 628 —
799 579 833 646 (l.
852 579 978 646 (laelius
996 583 1090 647 iudex

82 670 223 735 absolvit
243 672 431 736 iniuriarum
451 693 532 754 eum,
551 670 606 754 qui
621 669 781 733 Lucilium
794 674 924 752 poetam
942 671 977 734 in
993 693 1089 736 scena

81 759 276 824 nominatim
302 761 453 842 laeserat,
482 759 517 824 P.
541 758 666 823 Mucius
695 779 782 842 eum,
810 759 865 842 qui
893 758 927 823 L.
955 756 1088 825 Accium

80 851 213 932 poetam
235 849 470 932 nominaverat,
497 847 729 913 condemnavit.

170 936 201 1001 4.
225 935 453 1020 Gell.17,7,3
472 985 524 1002 ...
548 974 589 983 —
614 935 648 1012 Q.
669 933 822 1000 Scaevola
845 942 972 1019 patrem
996 959 1088 1002 suum

80 1028 114 1088 et
136 1021 274 1089 Brutum
303 1031 336 1090 et
358 1025 527 1090 Manilium
551 1073 559 1088 .
579 1075 612 1088 ..
640 1023 806 1108 quaesisse
836 1026 883 1088 ait
910 1024 1088 1091 dubitasse·

80 1135 156 1197 que,
184 1117 333 1178 utrumne
363 1114 396 1178 in
424 1117 500 1197 post
526 1114 613 1179 facta
640 1113 735 1178 modo
763 1113 850 1178 furta
872 1113 924 1178 lex
947 1112 1087 1201 (Atinia)

77 1203 202 1266 valeret
229 1225 270 1267 an
298 1203 396 1267 etiam
423 1204 457 1266 in
485 1202 683 1285 antefacta,
707 1202 859 1285 quoniam
882 1202 1087 1287 ‘subruptum

79 1288 154 1355 erit'
177 1296 348 1375 utrumque
371 1297 499 1381 tempus
522 1292 683 1357 videretur
707 1290 884 1373 ostendere,
907 1295 976 1356 tam
999 1314 1087 1376 prae-

79 1380 211 1444 teritum
236 1402 332 1464 quam
355 1379 510 1445 futurum.
659 1440 661 1443 .

169 1467 199 1533 5.
218 1465 329 1533 Cicero
346 1468 384 1532 de
398 1468 452 1533 fin.
465 1470 493 1553 1,
502 1469 533 1553 4,
544 1470 594 1535 12.
607 1505 644 1516 -
662 1491 712 1552 an,
727 1471 839 1551 partus
855 1468 989 1533 ancillae
1004 1470 1087 1534 sitne

78 1557 113 1620 in
132 1556 240 1621 fructu
257 1557 433 1641 habendus,
456 1558 631 1622 disseretur
653 1557 738 1622 inter
758 1557 918 1641 principes
937 1559 1088 1642 civitatis,

78 1643 114 1709 P.
138 1642 329 1710 Scaevolam
352 1645 559 1730 Maniumque
582 1644 825 1711 Manilium

169 1734 199 1799 6.
222 1731 334 1799 Cicero
357 1756 416 1818 pro
440 1735 534 1798 domo
558 1734 698 1813 53,137.
718 1772 759 1782 -
778 1732 814 1798 P.
834 1732 986 1799 Scaevola
1007 1757 1086 1818 pon·

77 1822 158 1887 tifex
186 1823 345 1887 maximus
373 1845 432 1907 pro
456 1823 599 1907 >collegio
627 1823 808 1906 respondit:
841 1823 925 1906 quod
953 1824 988 1887 in
1016 1825 1086 1889 loco

77 1909 208 1994 publico
237 1911 373 1994 Licinia,
406 1910 467 1976 Gai
496 1910 577 1989 filia,
609 1911 732 1974 iniussu
760 1912 871 1995 populi
899 1911 1086 1995 dedicasset,

78 2020 206 2064 sacrum
229 2022 295 2063 non
317 2000 463 2065 viderier.

168 2088 196 2152 7.
226 2086 336 2153 Cicero
360 2090 398 2152 de
422 2089 482 2174 leg.
506 2089 541 2172 2,
561 2088 682 2172 aaut.
710 2124 747 2133 —
849 2088 958 2169 itaque
980 2088 1015 2151 in
1038 2109 1085 2172 eo,

77 2177 133 2258 qui
162 2177 196 2239 in
224 2198 306 2242 nave
328 2181 472 2259 necatus,
501 2177 613 2240 deinde
636 2177 671 2240 in
694 2198 782 2239 mare
804 2176 966 2260 proiectus
990 2181 1085 2259 esset,

77 2266 220 2329 decrevit
247 2265 280 2332 P.
303 2265 429 2330 Mucius
461 2265 617 2330 familiam
646 2287 776 2349 puram,
808 2265 893 2349 quod
921 2287 957 2329 os
987 2287 1083 2350 supra

76 2358 199 2417 terram
224 2375 290 2417 non
313 2358 467 2439 exstaret,
495 2376 625 2437 porcam
649 2354 758 2417 heredi
782 2376 852 2418 esse
876 2357 1084 2439 contractam,

77 2446 111 2505 et
134 2442 299 2506 habendas
322 2443 465 2507 triduum
484 2444 589 2525 ferias,
613 2446 646 2505 et
665 2464 762 2526 porco
783 2443 903 2507 femina
920 2444 1083 2526 piaculum

76 2531 159 2614 pati3
187 2531 272 2594 siin
295 2532 378 2595 mari
400 2537 546 2596 mortuus
571 2536 669 2614 esset,
693 2532 804 2595 eadem
827 2535 956 2615 praeter
978 2533 1084 2617 piacu-

76 2620 146 2682 lum
170 2623 202 2683 et
225 2619 334 2684 ferias.

168 2709 215 2773 8⁸.
240 2706 350 2772 Cicero
371 2709 409 2772 de
427 2709 488 2793 leg.
503 2710 532 2792 2,
547 2711 599 2790 21,
613 2707 665 2773 52.
679 2707 730 2772 53.
749 2745 786 2754 -
803 2709 925 2791 placuit
943 2707 976 2772 P.
992 2707 1083 2774 Scae·

75 2796 169 2860 volae
189 2800 223 2859 ct
241 2795 288 2861 Ti.
308 2794 517 2879 Coruncanio,
541 2796 746 2881 pontificibus
766 2798 923 2878 maximis,
941 2798 1081 2881 itemque

76 2885 208 2967 ceteris,
232 2906 296 2966 eos,
319 2886 373 2968 qui
395 2886 583 2950 tantundem
607 2889 767 2969 caperent,
791 2888 948 2969 quantum
971 2908 1082 2950 omnes

76 2972 220 3050 heredes
246 2975 345 3038 sacris
369 2975 504 3058 alligari.
548 2974 652 3038 habeo
676 2973 726 3037 ius
750 2973 959 3056 pontificium.
1006 2975 1083 3059 quid

75 3061 141 3126 huc
159 3063 296 3126 accessit
314 3083 352 3126 ex
371 3063 439 3126 iure
458 3061 567 3127 civili?
608 3062 792 3144 partitionis
812 3065 908 3145 caput
927 3063 1081 3146 scriptum

77 3154 185 3234 caute,
217 3154 253 3214 ut
285 3155 412 3215 centum
443 3151 567 3214 nummi
599 3151 843 3214 deducerentur:
875 3151 1004 3215 inventa
1034 3157 1083 3215 est

77 3240 170 3321 ratio,
195 3261 250 3303 cur
268 3239 403 3321 pecunia
422 3260 585 3304 sacrorum
604 3239 755 3303 molestia
773 3238 972 3303 liberaretur.
1006 3262 1080 3323 qua·

78 3326 106 3389 si
137 3327 200 3391 hoc
233 3329 287 3411 qui
318 3331 549 3392 testamentum
580 3327 736 3405 faciebat,
773 3349 884 3391 cavere
915 3328 1083 3408 noluisset,

78 3414 230 3479 admonet
251 3416 505 3499 iurisconsultus,
528 3415 579 3481 hic
604 3415 736 3502 quidem
754 3414 831 3502 ipse
847 3415 1002 3495 tduexus,
1016 3434 1104 3491 pom-

76 3503 157 3567 tifex
180 3503 275 3586 idern,
305 3509 340 3570 ut
361 3506 468 3574 minus
493 3506 606 3596 capiat
628 3531 735 3598 quam
757 3505 921 3575 omnious
935 3496 1136 3564 marellias*

118 3615 212 3662 Iurr'wr.
227 3619 346 3663 autenadr.
362 3624 414 3668 rell.
431 3627 467 3670 ed.
483 3627 595 3675 Bremsr.
900 3611 923 3658 ’ὁ
