2422 3840
145 185 211 250 300
240 186 312 241 Vlll.
328 182 460 240 ocThvl
474 183 572 239 SAEC.
583 182 681 239 IURIS
696 182 866 241 consum.
878 184 1002 249 saulus
1017 184 1153 240 TERTIA

235 353 407 413 Sermonem
443 371 508 411 csse
542 353 578 411 de
611 352 688 413 silva
719 370 779 411 non
809 353 922 411 caedua
947 352 1039 420 ,docet
1072 353 1155 430 frag-

146 447 281 502 mentum
299 442 378 518 quod
397 442 428 499 in
446 440 606 500 Iustiniani
623 440 758 518 Digestis
777 436 934 500 antecedit.
970 441 1155 516 Pomponius

145 532 222 591 libro
259 531 362 607 quinto
400 530 437 588 ad
475 529 619 589 Sabinum
655 522 702 610 (P.
726 522 821 611 450:
858 549 895 588 ex
930 530 1007 590 silva
1043 530 1157 588 caedua

145 620 324 696 pedamenta
342 621 372 677 et
390 637 489 679 ramos
508 637 544 678 ex
562 618 667 677 arbore
684 618 942 677 usufructuarium
955 622 1156 696 sumpturum,

146 727 182 767 ex
208 727 268 767 non
297 707 409 766 caedua
434 707 467 766 in
494 707 613 767 vineam
640 708 846 783 sumpturum,
873 707 944 765 dum
967 725 1004 766 ne
1028 708 1157 767 fundum

146 797 324 856 deteriorem
353 796 453 855 faciat.
537 824 539 828 ⁴

478 947 522 1001 De
539 947 708 1000 habitatione
727 947 823 1016 leuata.

235 1049 287 1114 27.
319 1046 360 1113 D.
379 1048 435 1127 33,
453 1047 488 1128 2,
506 1047 560 1111 40.
612 1044 747 1110 Alfenus
776 1044 884 1110 Varus
916 1047 1000 1111 libro
1040 1050 1157 1111 octavo

147 1136 357 1222 Digestorum
381 1158 400 1200 a
422 1133 524 1199 Paulo
549 1135 798 1219 epitomatorum
821 1133 869 1222 (P.
885 1132 952 1222 74).
997 1133 1062 1198 ‘Illi
1084 1157 1156 1198 cum

148 1226 204 1290 illo
228 1225 462 1290 habitationem
486 1223 571 1308 lego'
594 1224 726 1307 perinde
751 1244 829 1307 esse,
857 1246 894 1288 ac
918 1225 947 1288 si
969 1224 1015 1287 ita
1039 1223 1101 1286 ‘illi
1124 1230 1158 1287 et

146 1313 209 1379 illi'
232 1314 383 1399 legasset.

235 1433 272 1492 cf.
295 1432 391 1491 Servii
414 1450 557 1508 responsa
582 1434 632 1491 27.

532 1601 577 1656 De
593 1618 663 1656 aava
681 1602 777 1672 leuata.

237 1702 288 1767 28.
312 1700 351 1767 D.
366 1701 417 1784 21,
432 1702 462 1785 2,
479 1702 533 1766 44.
569 1701 722 1765 Alfenum
745 1702 829 1766 libro
849 1702 986 1766 secundo
1006 1701 1159 1787 Digesto-

148 1813 219 1856 rum
253 1814 272 1855 a
301 1789 403 1854 Paulo
431 1791 682 1875 epitomatorum
710 1787 759 1872 (P.
778 1790 846 1872 45).
901 1789 1061 1874 Scapham
1093 1814 1159 1855 non

148 1879 250 1945 videri
271 1880 366 1944 navis
390 1900 459 1944 esse
482 1878 650 1963 respoudit
672 1900 731 1942 nec
755 1879 926 1963 quicquam
950 1879 1157 1944 coniunctum

148 1968 277 2051 habere,
299 1990 376 2033 nam
397 1968 552 2051 scapham
571 1967 675 2052 ipsam
694 1989 752 2051 per
771 1990 805 2032 se
823 1991 956 2052 parvam
975 1969 1158 2032 naviculam

149 2079 232 2122 esse:
256 2057 366 2122 omnia
388 2059 505 2139 autem,
528 2077 609 2140 quae
633 2058 803 2120 coniuncta
820 2057 898 2122 navi
917 2061 1033 2141 essent,
1057 2058 1159 2122 veluti

149 2145 367 2232 gubernacula
399 2147 502 2209 malus
535 2147 705 2209 antemnae
739 2145 859 2228 velum,
891 2146 982 2229 quasi
1013 2147 1160 2211 membra

148 2256 240 2300 navrs
264 2255 343 2298 esse.

238 2355 274 2414 cf.
298 2353 395 2414 Servii
417 2371 560 2429 responsa
583 2354 635 2412 45.

498 2523 542 2577 De
560 2523 684 2577 libertate
701 2521 806 2576 relicta.

237 2623 290 2687 29.
322 2622 362 2687 D.
380 2623 438 2707 40,
460 2623 493 2706 7,
520 2622 569 2686 14.
619 2620 754 2685 Alfenus
786 2619 892 2686 Verus
925 2621 1009 2686 libro
1042 2629 1159 2705 quarto

148 2711 359 2796 Digestorum
383 2707 435 2798 (P.
459 2710 524 2793 18).
571 2710 701 2793 Servus,
729 2709 784 2793 qui
807 2714 1001 2775 testamento
1025 2711 1160 2796 domiui,

149 2821 221 2864 cum
254 2799 363 2864 decem
395 2798 504 2864 heredi
537 2796 691 2878 dedisset,
723 2800 806 2863 liber
839 2819 909 2864 esse
940 2799 1046 2864 iussus
1079 2805 1161 2884 eret,

149 2887 259 2952 heredi
282 2887 461 2952 mercedem
481 2885 600 2952 referre
618 2909 677 2971 pro
698 2887 803 2970 operis
823 2889 888 2951 suis
908 2888 1044 2953 solebat
1085 2910 1159 2953 cum

149 2999 188 3041 ex
216 2976 360 3040 mercede
392 2976 485 3040 heres
518 2975 657 3059 amplius
686 2976 795 3040 decem
824 2978 1011 3060 recepisset,
1045 2999 1158 3042 servus

148 3065 288 3129 liberum
303 3086 372 3129 esse
386 3063 465 3149 <se>
477 3065 593 3129 aiebat.
617 3065 655 3129 de
670 3086 708 3129 ca
721 3086 756 3128 re
766 3065 1001 3129 consulebatur.
1024 3087 1158 3148 respon-

150 3153 198 3217 dit
224 3175 290 3218 non
318 3153 418 3218 videri
445 3153 582 3217 liberum
610 3174 691 3218 esse:
718 3174 785 3218 non
808 3154 893 3217 euim
915 3176 974 3238 pro
998 3154 1160 3238 libertate,

148 3242 205 3306 sed
232 3263 292 3327 pro
321 3242 427 3326 operis
455 3263 526 3306 eam
553 3241 724 3326 pecuniam
752 3241 877 3306 dedisse
904 3264 963 3306 nec
986 3243 1091 3326 magis
1115 3244 1158 3307 ob

150 3351 220 3394 eam
238 3353 307 3395 rem
326 3331 464 3395 liberum
481 3351 560 3414 esse,
579 3352 675 3481 luam
695 3331 722 3393 si
740 3329 877 3410 fundum
895 3353 915 3395 a
933 3330 1062 3395 domiuo
1082 3347 1158 3396 con·

149 3418 292 3483 duxisset
315 3423 348 3483 et
371 3441 430 3502 pro
453 3419 561 3482 fructu
600 3420 675 3483 nudi
698 3420 867 3502 pecuniam
891 3419 1038 3484 dedisset.

221 3538 260 3596 ct
285 3537 388 3601 Servii
409 3557 561 3620 responsa
585 3541 638 3602 56.
