2422 3840
124 168 192 232 356
216 167 290 223 VHI.
305 166 442 223 OCTAVI
457 165 1140 222 111111111110111111.1111111111111

510 354 624 412 Domai
646 354 753 426 infecti.

216 474 245 538 9.
279 471 318 537 D.
343 472 399 554 39,
418 474 454 556 3,
471 473 504 550 3,
529 473 558 536 2.
608 470 770 554 Ulpianus
802 471 886 536 libro
920 469 1143 557 quinquagen-

128 563 210 627 simo
239 562 335 626 tertio
369 561 409 626 ad
439 560 579 625 edietum
608 558 657 645 (P.
678 557 802 644 128512).
853 558 887 624 si
916 561 1056 642 vicinus,
1087 563 1144 646 qui

129 672 242 715 arvum
280 650 408 714 solebat
444 654 531 714 certo
564 652 709 733 tempore
742 649 819 712 anni
851 648 973 734 rigare,
1010 655 1143 734 pratum

116 739 197 804 'illic
238 739 351 804 fecerit
393 738 598 822 coeperitque
635 736 769 801 adsidua
804 737 993 820 irrigatione
1033 738 1142 805 vicino

128 849 244 892 nocere
252 877 260 907 ‚
288 828 334 892 ait
363 827 476 892 Ofilius
504 847 607 909 neque
635 825 744 889 damni
771 825 884 890 infecti
909 848 1012 911 neque
1037 849 1143 911 aquae

128 916 257 1000 pluviae
299 916 453 980 arcendae
495 915 620 979 actione
661 936 735 978 eum
775 916 877 978 teneri
919 916 994 994 [nisi
1032 915 1142 982 locum

129 1006 348 1088 complanavit
383 1026 483 1088 eoque
519 1003 606 1068 facto
644 1003 775 1067 citatior
810 1025 893 1087 aqua
927 1003 966 1068 ad
998 1005 1143 1070 vicinum

127 1094 297 1180 pervenire
328 1094 456 1185 coepit].

215 1215 338 1274 Inclusa
360 1215 448 1272 acrba
469 1210 507 1272 A.
526 1195 647 1272 Paradae
668 1215 742 1271 recle
764 1214 834 1271 11111.

424 1413 528 1489 Aquae
545 1416 667 1489 plautae
690 1417 860 1475 arcendae.

220 1535 270 1599 10.
303 1534 341 1599 D.
364 1536 421 1615 39,
440 1535 474 1618 3,
495 1537 529 1618 1,
546 1533 577 1599 5.
617 1533 779 1616 Ulpianus
808 1535 891 1599 libro
921 1535 1141 1621 quinquagen-

130 1624 212 1688 simo
231 1622 330 1688 tertio
351 1624 390 1687 ad
409 1623 549 1688 edietum
565 1620 615 1709 (P.
632 1618 743 1708 1285).
779 1622 893 1688 Ofilius
914 1675 943 1688 ..
963 1626 1011 1688 ait
1034 1626 1141 1691 sulcos

130 1712 202 1796 agri
231 1710 356 1776 colendi
384 1733 480 1777 causa
508 1712 646 1776 directos
674 1712 734 1794 ita,
761 1713 857 1775 utin
880 1734 977 1776 unam
1002 1719 1142 1800 pergant

129 1804 269 1884 partem,
291 1801 341 1866 ius
366 1823 435 1866 esse
458 1801 572 1866 facere.

221 1899 271 1963 11.
304 1897 343 1961 D.
367 1899 423 1981 39,
442 1898 477 1980 3,
498 1900 530 1980 1,
554 1898 606 1962 fil.
665 1895 826 1981 Ulpianus
866 1898 947 1964 libro
985 1900 1142 1985 quinqua·

132 1987 278 2071 gensimo
305 1989 403 2051 tertio
432 1987 472 2051 ad
501 1987 637 2050 edictum
667 1984 715 2071 (P.
737 1985 848 2071 1285).
894 1986 984 2052 Sicut
1009 2036 1036 2054 ..
1061 2011 1142 2072 opus

129 2077 264 2160 factum,
286 2081 324 2140 ut
346 2097 429 2159 aqua
452 2076 561 2158 pluvia
580 2074 660 2139 mihi
679 2080 803 2157 noceat,
826 2077 859 2140 in
878 2077 962 2141 hanc
981 2077 1142 2142 actionem

130 2165 233 2248 111111,
255 2165 304 2229 111
332 2187 390 2248 per
413 2165 609 2229 contrarium
635 2165 813 2248 quaeritur,
840 2186 883 2228 an
904 2169 1015 2248 posset
1038 2188 1142 2250 aquae

131 2253 261 2336 pluviae
284 2253 439 2318 arcendae
463 2253 526 2337 agi,
550 2253 578 2316 si
600 2252 724 2316 vicinus
744 2274 825 2336 opus
844 2253 965 2334 feeerit,
987 2276 1143 2339 meaque,

131 2363 213 2424 quae
251 2342 396 2425 alioquin
433 2341 603 2405 decurrens
641 2360 719 2424 agro
758 2362 830 2406 meo
866 2341 1032 2426 proderat,
1066 2344 1142 2407 huic

130 2431 247 2514 prosit
285 2429 400 2495 Ofilius
423 2431 523 2514 igitur
546 2432 580 2493 et
597 2426 706 2493 Labeo
730 2434 846 2513 putant
869 2429 924 2514 agi
946 2452 1013 2495 non
1036 2454 1142 2515 posse,

132 2518 259 2581 etiamsi
293 2519 422 2583 intersit
453 2539 525 2582 mea
553 2517 593 2581 ad
620 2538 671 2580 me
700 2540 816 2619 aquam
843 2521 1025 2602 pervenire:
1057 2520 1143 2586 hanc

132 2607 217 2670 enim
246 2609 404 2672 actionem
432 2606 540 2671 locum
562 2604 697 2690 habere,
725 2607 753 2670 si
776 2629 860 2726 aqua
882 2608 993 2692 pluuia
1016 2613 1143 2694 noceat,

131 2716 199 2760 non
222 2694 251 2758 si
273 2717 338 2761 non
361 2696 472 2778 prosit

119 2827 121 2834 >
223 2792 464 2878 1111313,
478 2793 513 2877 2,
533 2794 582 2857 10.
623 2790 743 2856 Paulus
766 2792 851 2859 libro
871 2793 1143 2879 quadragensimo

131 2903 217 2947 nono
247 2881 288 2945 ad
316 2880 400 2946 edict
386 2885 456 2945 tum
480 2880 529 2967 (P.
548 2877 638 2967 632).
683 2880 797 2946 Ofilius
821 2882 945 2961 scribit,
975 2884 1002 2946 si
1023 2883 1145 2948 fundus

131 2976 207 3034 tuus
228 2968 332 3035 vicino
353 2971 473 3035 serviat
492 2975 524 3034 et
537 2975 706 3053 propterea
721 2991 839 3054 aquam
853 2970 998 3054 recipiat,
1016 2993 1145 3038 cessare

133 3080 235 3142 aquae
258 3058 386 3141 pluviae
411 3060 564 3123 arcendae
587 3059 755 3124 actionem.

446 3233 490 3288 ne
507 3234 565 3288 aare
582 3235 649 3288 mas
666 3235 825 3304 111111.
888 3302 890 3306 ,
973 3230 975 3234 ·

223 3343 274 3409 13.
297 3342 336 3408 D.
354 3343 407 3425 44,
425 3344 457 3427 4,
473 3345 503 3424 4,
523 3344 552 3408 6.
584 3341 747 3428 Ulpianus
770 3342 854 3407 libro
879 3345 1145 3429 septuagensimo

133 3435 225 3495 sexto
246 3432 285 3494 ad
305 3431 444 3496 edietum
463 3429 513 3518 (P.
533 3429 656 3517 167812).
756 3432 840 3513 siis,
863 3433 914 3496 cui
934 3433 1072 3516 pecunia
1092 3434 1145 3498 de-

118 3516 248 3599 beatur,
280 3541 354 3585 cum
386 3520 534 3587 debitore
563 3520 684 3587 decidit
713 3525 746 3585 et
766 3541 887 3584 nomen
907 3521 977 3590 eius
999 3523 1147 3588 vendidit
