2422 3840
98 184 164 248 262
201 184 261 239 Vll.
285 183 420 239 OCTAVI
436 182 644 238 annulinus
659 182 835 238 CONSULT.
850 183 1116 240 subsecuntur

478 343 522 396 Dc
539 345 731 399 sucmdotibus.

188 447 217 509 3.
245 444 332 510 Fest.
351 469 381 530 p.
400 447 494 528 277⁸,
513 445 541 508 5.
568 479 607 490 -
633 443 731 508 Ricae
755 449 788 508 ct
810 445 931 510 riculae
955 449 1117 510 vocantur

100 556 202 616 parva
243 533 371 617 ricinia,
411 539 448 598 ut
484 533 616 617 palliola
653 532 693 596 ad
728 555 823 598 usum
862 534 978 618 capitis
1015 535 1117 599 facta.

101 621 242 687 Granius
275 623 403 707 quidem
432 622 479 686 ait
509 643 578 686 esse
605 621 761 685 muliebre
790 623 956 708 cingulum
985 624 1119 707 capitis,

100 734 162 794 quo
187 734 245 795 pro
269 712 351 776 vitta
373 709 553 775 Flaminica
575 710 774 778 redimiatur.

187 832 329 891 Huschke
347 833 549 909 fragmentum
570 831 605 889 de
624 829 861 908 indigitamentis
880 833 958 892 libro
979 833 1118 910 adscrip-

100 922 152 999 sit,
176 923 227 980 sed
250 922 348 979 minus
372 924 466 995 recte,
490 920 604 994 opinor.

244 1152 282 1210 Il.
307 1153 356 1211 De
379 1152 675 1228 indigitamentis
700 1151 742 1208 ad
765 1149 964 1211 Gaesarem.

187 1278 261 1336 Post
293 1275 437 1335 Granium
470 1275 611 1334 Flaccum
642 1275 676 1334 L.
700 1273 856 1335 Cornelius
883 1276 998 1336 Balbus
1026 1268 1116 1354 Ἐξη-

98 1365 358 1530 ἔὲτὲιὸιξν41ἱδι·οε
381 1365 500 1425 videtur
518 1364 738 1440 conscripsisse.
781 1365 818 1423 cf.
837 1365 1116 1425 Teuffel-Schwabe

222 1499 228 1529 ,
266 1500 272 1512 .

190 1567 218 1629 1.
246 1563 443 1630 Censorinus
463 1564 537 1627 dn.
553 1564 582 1647 3,
597 1564 627 1627 2.
645 1562 855 1628 —Eundem
878 1585 949 1628 esse
973 1562 1116 1629 Genium

100 1659 133 1718 ct
159 1655 274 1718 Larem
302 1653 395 1715 multi
423 1655 547 1716 veteres
576 1652 799 1734 prodiderunt,
833 1653 867 1715 in
895 1653 985 1736 queis
1015 1655 1116 1718 etiam

100 1743 240 1808 Granius
277 1741 412 1806 Flaccus
449 1742 484 1804 in
520 1740 619 1824 libro,
657 1762 752 1824 quem
789 1740 829 1805 ad
862 1739 1037 1807 Caesarem
1076 1744 1115 1808 de

98 1831 357 1916 indigitamentis
381 1830 538 1913 scriptum
560 1830 701 1912 reliquit.

188 1922 219 1987 2.
252 1919 396 1984 Macrob.
420 1922 479 1983 sat.
504 1921 533 1996 1,
554 1919 605 2002 18,
623 1919 654 1982 4.
688 1955 725 1964 —
760 1917 844 1983 Item
876 1917 1005 1984 Boeotii
1040 1919 1117 1984 Par-

98 2032 213 2074 nasum
246 2013 389 2073 montem
417 2007 565 2090 Apollini
598 2013 759 2072 sacratum
787 2029 858 2072 esse
886 2014 1117 2092 memorantes,

101 2100 197 2164 simul
234 2102 344 2162 tamen
376 2098 410 2161 in
443 2096 555 2161 codem
588 2099 621 2161 et
654 2096 819 2161 oraculum
851 2095 1050 2180 Delphicum
1083 2104 1118 2163 et

100 2189 271 2272 speluncas
290 2185 466 2251 Bacchioas
490 2187 545 2249 uni
564 2185 624 2249 deo
644 2189 847 2249 consecratas
867 2186 986 2251 colunt.
1030 2187 1117 2251 unde

101 2284 133 2340 et
152 2275 296 2360 Apollini
319 2278 352 2338 et
369 2273 486 2339 Libero
508 2274 595 2359 patri
614 2274 648 2337 in
667 2273 778 2339 eodem
800 2277 911 2338 monte
930 2296 982 2338 res
1002 2273 1117 2340 divina

100 2367 289 2429 celebratur.
339 2363 424 2447 quod
457 2385 529 2426 cum
557 2367 590 2426 et
616 2361 721 2426 Varro
750 2366 783 2426 et
810 2362 949 2428 Granius
977 2362 1117 2430 Flaccus

101 2453 276 2532 affirment,
299 2453 398 2516 etiam
420 2451 595 2537 Euripides
619 2452 670 2515 his
693 2451 786 2515 docet

189 2544 218 2606 3.
252 2541 374 2606 Amob.
406 2541 476 2605 adv.
509 2545 575 2604 nat.
608 2541 643 2621 3,
666 2540 718 2605 31.
757 2576 795 2587 -
834 2540 1045 2620 Aristoteles,
1078 2547 1118 2608 ut

101 2629 241 2694 Granius
274 2633 445 2712 memorat,
479 2629 528 2693 vir
559 2629 689 2714 ingenio
720 2633 918 2713 praepotens
951 2633 1051 2714 atque
1080 2631 1118 2695 in

101 2718 250 2783 doctrina
286 2718 489 2802 praecipuus,
527 2718 707 2782 Minervam
744 2740 813 2781 esse
849 2718 965 2783 lunam
998 2721 1120 2802 proba-

100 2808 221 2871 bilibus
260 2807 460 2892 argumentis
498 2808 640 2890 explicat
676 2812 709 2870 et
741 2807 887 2871 litterata
920 2809 1117 2874 auctoritate

100 2896 309 2961 demonstrat.

190 2988 220 3051 4.
245 2985 366 3050 Arnob.
381 2985 423 3050 ib.
444 2987 473 3068 3,
493 2985 543 3049 38.
570 3020 607 3029 -
633 2983 828 3058 Novensiles
847 2984 923 3048 Piso
944 2986 1020 3050 deos
1044 3008 1118 3052 esse

101 3075 202 3139 credit
220 3097 335 3139 novern
353 3075 389 3138 in
409 3072 536 3139 Sabinis
557 3074 640 3157 apud
659 3073 810 3136 Trebiam
830 3074 1035 3138 constitutos.
1055 3076 1119 3141 hos

102 3165 242 3229 Granius
266 3163 376 3227 Musas
403 3167 498 3246 putat
522 3183 714 3227 consensum
737 3162 984 3228 accommodans
1008 3165 1118 3230 Aelio.

192 3284 265 3344 Cum
285 3283 436 3342 Arnobius
455 3282 502 3342 his
521 3281 595 3341 locis
615 3280 760 3340 Granium
778 3283 919 3341 Flaccum
944 3277 1119 3344 ‘Granium'

101 3375 242 3451 nominet,
266 3376 295 3450 5,
314 3375 353 3432 18
382 3373 436 3431 ubi
456 3365 620 3430 ‘Flaccum’
644 3371 787 3449 nominat,
811 3391 881 3431 eum
898 3391 959 3432 non
978 3374 1118 3453 eundem,

102 3463 155 3520 sed
176 3463 278 3538 potius
296 3461 437 3520 Verrium
455 3461 596 3519 Flaccum
618 3459 775 3535 designare
793 3464 878 3536 puto,
915 3461 1004 3520 aliter
1022 3465 1120 3522 sentit

85 3549 236 3610 Huscblre
257 3572 288 3629 p.
312 3554 386 3613 109.
