2422 3840
104 157 146 219 14
285 156 318 211 ll.
343 157 448 212 snm
466 155 617 212 SAEOULI
635 157 732 212 IURIS
752 157 929 213 CONSULTI

102 344 201 385 cereos
230 325 261 384 in
288 325 484 385 domesticum
507 344 595 385 usum
617 328 739 401 paratos
762 325 907 385 contineri
930 327 1031 402 legato
1055 319 1110 406 (se.

102 408 234 495 penoris)
259 409 383 474 scribit'.
429 420 543 473 eertum
567 417 621 490 est,
645 414 808 490 Ulpianum
831 415 921 473 etiam
945 415 1012 474 aliis
1035 416 1109 475 loeis

101 503 278 562 Africanum
304 503 392 561 illum
418 496 552 562 ‘Sextum
576 495 749 561 Caecilium'
773 504 937 580 appellare,
965 504 1017 562 sed
1040 523 1108 563 eum

101 593 157 653 hoe
180 593 245 652 loeo
263 592 411 651 nominari
430 611 497 650 eum
515 591 581 650 ideo
600 591 664 651 veri
683 591 826 650 dissimile
845 595 899 663 est,
923 593 1002 668 quod
1020 595 1110 652 antea

102 685 132 740 et
154 684 259 756 postea
276 684 393 740 veteres
412 681 590 758 allegantur,
614 681 727 738 seilicet
745 679 873 750 Quintus
892 681 1018 759 Mucius,
1043 681 1109 740 Ser-

100 770 177 847 vius,
201 767 316 846 Ofilius,
339 772 405 828 tum
429 769 499 845 quia
519 768 641 827 Sextum
662 768 781 827 Aelium
805 769 881 828 hano
899 770 999 845 ipsum
1019 789 1107 845 quae-

101 859 228 919 stionem
254 860 400 916 tractasse
429 859 547 916 seimus.
597 857 698 932 itaque
725 876 784 916 non
812 858 929 935 dubito,
957 859 1029 934 quin
1054 878 1108 934 pro

101 946 191 1006 Sexto
215 946 344 1006 Caecilio
369 945 468 1020 potins
493 945 600 1005 Sextus
624 946 729 1005 Aelius
752 947 956 1006 restituendus
981 948 1027 1006 sit.

189 1035 368 1111 D.15,2,1
391 1032 441 1109 §7
467 1053 503 1092 ex
525 1034 602 1094 libro
625 1035 786 1094 vicensimo
808 1054 886 1094 nono
910 1035 947 1094 ad
966 1036 1106 1114 edietum,

99 1124 152 1183 ubi
179 1125 215 1183 de
243 1125 358 1182 aetione
382 1124 418 1181 de
441 1123 557 1197 peoulio
581 1124 695 1200 agitur,
724 1117 903 1182 ‘Caecilius'
927 1125 1106 1202 nominatur,

100 1233 152 1289 pro
189 1232 248 1290 quo
281 1212 421 1271 Karlowa
447 1211 463 1270 I
499 1232 526 1287 p.
552 1214 614 1271 712
652 1212 737 1272 bonis
772 1212 939 1271 rationibus
972 1211 1107 1271 Caelium

101 1301 259 1361 substituit
287 1300 487 1375 adstipulante
517 1301 637 1360 Lenelio
667 1295 799 1380 (Ulpian.
825 1303 902 1378 859,
931 1302 967 1360 ef.
990 1302 1108 1360 Africa-

100 1409 173 1448 num
195 1389 211 1448 I
233 1390 287 1448 eol.
304 1381 370 1468 35).

188 1478 347 1553 Reliquum
380 1480 426 1536 est
452 1476 591 1537 Javoleni
624 1478 825 1555 fragmentum
855 1497 890 1535 ex
917 1479 993 1536 libro
1024 1482 1107 1538 sexto

99 1566 299 1642 posteriorum
330 1566 477 1625 Labeonis
509 1566 559 1644 (D.
581 1568 635 1642 24,
656 1569 688 1638 2,
710 1558 780 1647 64),
810 1566 862 1624 ubi
889 1560 1044 1626 ‘Proculus
1078 1570 1108 1626 et

100 1648 258 1714 Caecilius'
287 1655 515 1732 coniunguntur.
566 1673 674 1713 nomen
698 1653 819 1713 Caecilii
846 1658 1019 1730 corruptum
1043 1674 1107 1715 esse

100 1746 238 1821 apparet,
271 1761 338 1802 oum
366 1744 527 1803 Africanus
554 1743 672 1802 Iuliano
703 1747 802 1802 aetate
834 1744 957 1802 inferior
984 1745 1106 1820 eiusque

99 1832 262 1908 discipulus
294 1832 432 1891 videatur
459 1832 563 1909 fuisse,
596 1833 640 1891 ita
667 1837 701 1890 ut
728 1832 889 1891 Javolenus
919 1851 987 1890 enm
1014 1833 1108 1891 nomi-

98 1940 169 1979 nare
200 1940 261 1980 non
289 1921 430 1996 potuerit.
477 1921 528 1980 sed
555 1939 627 1978 num
656 1920 774 1980 Caelius
803 1921 1029 1980 substituendus
1057 1923 1105 1997 sit,

98 2009 263 2070 dubitatur.
308 2009 400 2069 Lenel
423 2010 462 2067 ad
484 2010 664 2068 Javolenum
684 2011 761 2087 225,
785 2009 925 2068 Karlowa
947 2010 963 2068 I
985 2031 1012 2085 p.
1034 2014 1106 2069 712.

97 2099 218 2157 Aelium
237 2099 363 2158 Paetum
386 2098 572 2157 nominatum
595 2098 689 2156 fuisse
712 2098 776 2156 veri
799 2097 1032 2156 dissimillimum
1051 2101 1105 2158 est.

509 2257 699 2332 Responsa.

188 2363 312 2423 Crassus
350 2363 429 2439 apud
463 2361 593 2422 Oieeron.
627 2362 664 2421 de
694 2366 767 2422 orat.
793 2366 908 2440 3,133
942 2358 1105 2439 ‘liquidem

99 2471 187 2527 saepe
211 2453 266 2511 hoo
290 2451 392 2511 audivi
414 2453 450 2510 de
468 2455 555 2527 patre
574 2455 604 2510 et
623 2451 659 2511 de
678 2471 779 2511 socero
798 2471 872 2529 meo,
896 2454 1013 2511 nostros
1033 2473 1105 2529 quo-

16 2619 17 2623 ,
99 2560 156 2618 que
175 2541 318 2617 homines,
336 2541 387 2617 qui
406 2540 548 2599 excellere
569 2540 733 2616 sapientiae
749 2541 844 2618 gloria
858 2541 978 2618 vellent,
998 2543 1105 2616 omnia,

98 2648 173 2706 quae
201 2629 320 2704 quidem
347 2631 412 2687 tum
440 2630 512 2687 haee
541 2630 646 2689 civitas
675 2634 789 2704 nosset,
813 2629 917 2688 solitos
941 2648 1004 2688 esse
1027 2649 1105 2689 eom-

97 2718 195 2794 pleoti.
242 2718 440 2777 meminerant
462 2718 508 2775 illi
532 2717 596 2776 Sex.
621 2718 750 2779 Aelium.
783 2718 830 2776 Μ’.
853 2737 924 2780 vero
948 2719 1105 2777 Manilium

96 2825 151 2866 nos
182 2806 273 2864 etiam
302 2806 432 2866 vidimus
463 2812 633 2867 transverso
665 2806 867 2864 ambulantem
898 2807 962 2866 foro
1067 2808 1105 2865 ad

97 2914 170 2970 quos
199 2895 271 2952 olim
299 2900 329 2954 et
356 2896 399 2954 ita
426 2896 615 2954 ambulantes
644 2897 674 2953 et
701 2895 733 2952 in
761 2895 834 2953 solio
863 2895 997 2954 sedentes
1024 2896 1105 2955 domi

97 2985 139 3042 sie
163 2984 315 3063 adibatur,
337 3004 396 3043 non
420 2985 517 3043 solum
540 2987 575 3042 ut
597 2984 633 3042 de
655 2984 721 3041 iure
744 2983 826 3042 cirili
848 2983 886 3041 ad
909 3003 972 3059 eos,
1000 3004 1105 3043 verum

96 3073 187 3131 etiam
219 3074 255 3131 de
289 3073 352 3131 filia
382 3072 566 3145 eollooanda,
599 3073 635 3130 de
667 3071 758 3130 fundo
789 3072 925 3148 emendo,
960 3073 995 3131 de
1011 3072 1013 3076 ’
1030 3093 1103 3150 agro

96 3163 228 3240 colendo,
252 3162 288 3220 de
312 3161 393 3222 omni
417 3161 543 3238 denique
568 3163 622 3218 aut
644 3160 741 3219 officio
765 3163 819 3219 aut
838 3162 959 3238 negotio
977 3163 1101 3221 referre·

95 3245 170 3311 tur'.
216 3250 274 3311 Cio.
300 3251 335 3309 de
359 3270 420 3326 rep.
443 3252 473 3325 1,
495 3250 536 3308 30
564 3242 616 3307 ‘ea
639 3250 848 3325 respondebat,
878 3269 953 3326 quae
978 3270 1027 3310 eos
1052 3252 1103 3326 qui

96 3340 281 3416 quaesissent
300 3341 331 3397 et
349 3358 420 3398 eura
437 3341 468 3396 et
485 3337 605 3412 negotio
625 3331 794 3397 solverent'.
829 3340 1009 3414 Pomponius
1029 3337 1101 3413 §38

96 3423 188 3487 ‘Sext
207 3428 311 3487 Aelius
335 3431 365 3485 et
388 3427 482 3484 irater
503 3425 566 3484 eius
586 3426 618 3483 P.
639 3426 740 3484 Aelius
760 3474 766 3486 .
783 3472 812 3488 ..
832 3430 988 3486 maximam
1008 3429 1101 3487 seien-

90 3517 165 3572 tiam
186 3518 219 3572 in
238 3515 410 3590 profitendo
434 3509 627 3573 habuerunt’.
