2422 3840
93 152 160 217 210
196 152 244 208 VI.
266 152 402 208 OCTAVI
419 152 518 210 SAEO.
539 153 635 208 IURIS
655 151 972 208 conscensurum
990 152 1104 207 PRIMA

94 338 165 380 esse
192 316 345 381 iudicium
373 317 478 381 oneris
508 317 621 380 aversi
668 316 723 380 sed
753 316 781 380 si
810 316 921 380 datum
945 320 1044 397 esset,
1070 320 1107 379 ut

94 407 129 469 in
158 406 256 469 simili
283 427 318 469 re
347 406 430 470 solvi
457 406 576 506 possit,
608 405 835 470 conductorem
864 405 994 489 culpam
1019 366 1106 468 dum·
1135 396 1140 412 ⁸

93 497 186 558 taxat
172 493 324 558 tdebere
348 489 465 579 (nam
457 516 491 556 1n
510 515 554 585 re,
578 515 660 576 quae
679 495 846 578 utriusque
864 516 964 558 causa
983 498 1107 558 contra·

94 582 236 668 heretur,
254 583 382 666 culpam
405 576 553 669 deberi)
549 604 652 666 neque
672 583 857 648 omnimodo
876 582 1007 666 culpam
1027 604 1106 684 esse,

96 671 181 755 quod
205 672 260 734 uni
284 671 477 735 reddidisset
500 693 537 735 ex
561 671 734 754 frumento,
757 671 909 754 quoniam
929 671 1026 734 alicui
1045 672 1107 754 pri-

95 783 184 823 mum
207 760 338 824 reddere
362 782 436 824 eum
460 781 592 824 necesse
619 759 747 842 fuisset,
779 759 912 824 tametsi
941 761 1108 824 meliorem

95 850 164 913 eius
188 848 410 914 condicionem
433 848 553 931 facere,
576 870 672 932 quarn
696 855 745 914 cet
747 869 893 938 erorum..

410 1023 454 1077 De
472 1024 572 1077 damno
591 1023 699 1077 iniuria
717 1024 791 1078 dato.

188 1132 260 1198 136.
287 1132 327 1197 D.
347 1132 397 1214 19,
411 1133 442 1214 2,
461 1133 513 1209 30,
528 1132 558 1195 2.
599 1131 688 1196 Idem
713 1129 878 1218 (Alfenus)
901 1132 986 1197 libro
1009 1133 1110 1196 tertio

95 1221 307 1307 Digestorum
348 1243 367 1284 a
403 1220 506 1284 Paulo
548 1221 799 1304 epitomatorum
840 1217 889 1306 (P.
917 1216 986 1306 54).
1048 1219 1111 1295 Qui

95 1309 201 1374 mulas
231 1309 271 1372 ad
299 1314 422 1374 certum
446 1309 570 1392 pondus
594 1311 701 1374 oneris
725 1309 860 1392 locaret,
887 1331 961 1374 cum
984 1309 1111 1373 maiore

96 1419 193 1463 onere
221 1398 395 1462 conductor
423 1419 477 1461 eas
505 1398 657 1480 rupisset,
692 1398 879 1463 consulebat
906 1397 944 1461 de
970 1399 1112 1462 actione.

97 1485 265 1569 respondit
296 1487 346 1550 vel
380 1487 451 1570 lege
477 1483 611 1570 Aquilia
641 1488 692 1551 vel
720 1509 758 1551 ex
785 1487 892 1552 locato
919 1491 1006 1551 recte
1035 1508 1112 1551 eum

99 1596 203 1660 agere,
228 1576 283 1638 sed
306 1575 378 1659 lege
397 1576 528 1659 Aquilia
550 1578 678 1639 tantum
701 1597 774 1640 oum
794 1597 832 1640 eo
851 1576 905 1661 agi
923 1597 1029 1658 posse,
1055 1574 1112 1658 qui

96 1669 168 1728 tum
201 1665 304 1727 mulas
338 1664 509 1748 agitasset,
541 1685 580 1728 ex
612 1665 719 1729 locato
753 1665 852 1729 etiam
885 1664 913 1728 si
942 1664 1025 1728 alius
1056 1685 1112 1728 eas

98 1753 252 1836 rupisset,
276 1774 348 1816 cum
372 1752 566 1818 conductore
588 1757 675 1817 recte
699 1753 761 1836 agi.

186 1875 222 1932 cf.
246 1873 282 1932 D.
303 1876 331 1950 9,
346 1876 375 1949 2,
398 1875 447 1950 27,
464 1875 492 1932 5.
534 1872 682 1948 Ulpianus
705 1874 781 1933 libro
806 1875 909 1932 octavo
933 1873 1048 1932 decimo
1073 1874 1113 1932 ad

97 1963 229 2021 edietum
258 1955 304 2042 (P.
330 1957 416 2042 623).
468 1961 568 2021 Tertio
602 1965 702 2021 autern
732 1963 828 2038 capite
857 1962 901 2020 ait
928 1962 1033 2021 eadem
1061 1963 1113 2021 lex

96 2051 233 2128 Aquilia:
264 2045 444 2110 ‘ceterarum
471 2068 573 2108 rerum
596 2054 716 2126 praeter
738 2050 889 2110 hominem
912 2053 943 2110 et
965 2051 1114 2127 pecudem

98 2141 211 2199 occisos
235 2140 261 2198 si
284 2141 351 2216 quis
374 2140 464 2198 alteri
487 2139 629 2198 damnum
646 2140 731 2216 faxit,
754 2139 835 2214 quod
852 2139 967 2198 usserit
983 2140 1115 2217 fregerit

97 2230 215 2305 ruperit
232 2229 351 2303 iniuria,
372 2229 478 2303 quanti
497 2246 532 2286 ea
549 2246 598 2286 res
617 2228 675 2286 erit
692 2229 725 2286 in
742 2227 848 2286 diebus
865 2227 993 2304 triginta
1012 2229 1114 2303 proxi-

98 2319 307 2393 misterium
331 2335 381 2375 aes
406 2316 525 2375 domiuo
549 2317 619 2375 dare
642 2316 765 2375 damnas
785 2310 870 2376 esto?
910 2315 974 2376 Gai.
990 2319 1019 2393 3,
1036 2319 1113 2377 217.

97 2408 201 2480 itaque
238 2405 265 2463 si
301 2404 368 2481 quis
406 2449 443 2463 ..
482 2423 547 2463 eam
585 2404 811 2481 quadrupedem
847 2424 924 2482 quae
961 2407 1113 2480 pecudum

97 2489 243 2570 <numero
272 2496 329 2569 est,
357 2493 545 2570 vulneravit,
568 2489 621 2570 ..>
644 2536 674 2553 ..
697 2495 753 2553 hoc
776 2495 874 2569 capite
898 2495 977 2553 aetio
1001 2494 1114 2554 consti-

98 2582 196 2640 tuitur
219 2628 225 2640 .
245 2624 252 2639 .
275 2583 400 2656 ruptum
429 2578 529 2658 <enim
557 2582 740 2660 intelligitur
767 2583 847 2659 quod
874 2601 993 2659 quoquo
1020 2583 1115 2643 modo

98 2665 295 2746 corruptum>
314 2672 360 2728 est
383 2712 413 2727 ..
437 2674 468 2728 et
491 2690 610 2747 quoquo
634 2672 722 2730 modo
745 2672 854 2731 vitiata
877 2674 931 2730 aut
953 2675 1116 2749 perempta

99 2764 190 2833 atque
213 2757 361 2816 deteriora
383 2759 464 2817 facta
486 2761 542 2817 hoc
565 2760 630 2818 loco
654 2760 854 2819 continentur.

516 2929 560 2984 Dc
576 2931 692 2986 iniuria.

189 3037 261 3102 137.
293 3036 332 3101 D.
350 3032 603 3122 47,10,15,'32.
649 3037 810 3121 Ulpianus
841 3037 924 3103 libro
954 3039 1114 3124 quinqua·

100 3128 246 3211 gensimo
275 3126 411 3210 septimo
440 3125 481 3190 ad
511 3127 649 3191 edictum
680 3125 729 3211 (P.
756 3123 867 3210 1353).
918 3174 954 3191 ..
983 3128 1011 3191 si
1040 3131 1114 3212 quis

99 3216 218 3301 pignus
245 3214 473 3299 proscripserit
501 3215 703 3296 venditurus,
735 3219 903 3300 tamquam
932 3239 952 3279 a
979 3239 1030 3281 me
1060 3240 1115 3282 ac-

100 3305 236 3406 ceperit,
265 3303 446 3368 infamandi
468 3305 532 3368 mei
556 3326 665 3386 causa,
694 3304 823 3369 Servius
848 3304 895 3381 ait
918 3305 1113 3370 iniuriarum

100 3414 154 3476 agr
177 3415 282 3476 posse.

185 3514 235 3570 Ex
247 3512 343 3573 Servii
362 3532 505 3591 responso
520 3513 668 3590 Ulpianus
686 3515 823 3592 regulam
842 3515 1015 3590 generalem
1030 3514 1110 3574 fecit.
