2422 3840
141 153 181 217 18
323 153 356 207 II.
382 151 487 208 SEXTI
507 151 660 207 SAECULI
678 152 774 208 IURlS
794 150 975 209 CONSUL'I'I

555 391 606 408 ...
624 345 734 405 libri?

228 464 411 540 Pomponius
442 461 523 539 §38
552 456 649 521 ‘ouius
678 467 708 521 et
734 461 804 522 libri
832 457 975 524 exstant'.
1021 466 1057 524 de
1086 467 1153 546 agri

139 553 260 612 cultura
291 553 368 613 liber
400 546 484 633 (Keil
507 553 577 628 Lpa
603 545 701 629 1884)
734 569 757 610 a.
788 553 970 615 144-149
1004 547 1151 617 formulas

138 641 321 701 locationum
345 645 375 702 et
401 641 586 718 emptionum
605 639 754 717 proponit,
773 659 846 718 quas
865 641 957 701 habes
976 641 1008 701 in
1028 643 1151 705 Brunsii

139 729 271 790 fontium
298 731 354 790 iur.
378 730 433 790 aiv.
458 730 502 790 ed.
522 729 565 787 VI
588 719 676 809 (eura
699 727 753 787 Th.
771 729 947 789 Mommseni
971 735 1002 791 et
1021 729 1054 790 O.
1075 732 1149 794 Gru·

139 811 279 899 denwitz)
303 822 388 895 parte
412 818 571 894 posteriori
593 837 622 892 p.
641 818 782 878 49-53.
819 819 855 877 os.
879 819 908 880 J.
932 819 1051 879 Bekker
1074 821 1104 882 Z.
1129 823 1148 883 f.

137 906 200 967 aa.
219 908 266 966 111
285 909 460 975 moereo
486 892 595 987 (daei
617 905 665 964 aa
688 906 770 983 leges
794 906 949 967 locationis
974 908 1023 968 ber
1047 904 1149 991 oap’)

137 1000 168 1056 et
191 997 362 1056 Beohmann
386 995 491 1056 Gesoh.
511 996 561 1054 des
584 994 679 1053 Kaufs
698 993 714 1052 l
733 985 851 1077 (1876)
870 1016 899 1073 p.
919 997 1102 1060 ere-539.

225 1085 366 1145 Fortasse
395 1085 486 1144 etiam
515 1077 687 1159 ‘praecepta
714 1083 753 1142 ad
779 1083 914 1144 Marcum
939 1080 1045 1144 filium'
1073 1088 1149 1148 iuris

135 1177 297 1251 praecepta
315 1173 515 1233 continebant.
553 1169 586 1231 Ο.
600 1171 682 1231 Jahn
700 1157 782 1231 Uber
800 1178 874 1232 rdm.
893 1174 1149 1253 llueyklopudion,

136 1263 206 1338 Lpz.
225 1263 294 1321 Ber.
315 1264 400 1324 1850
423 1281 451 1338 p.
472 1264 545 1321 263.
566 1262 638 1320 281.
679 1259 716 1319 Η.
735 1260 849 1320 Jordan
872 1262 891 1321 l.
910 1262 929 1320 l.
951 1283 979 1340 p.
999 1263 1101 1324 XCIX.

225 1345 460 1410 Commentarios
488 1369 559 1409 vero
586 1349 661 1408 iuris
689 1348 798 1427 oiuilis,
827 1369 902 1426 quos
931 1351 1007 1412 Feet.
1030 1374 1058 1429 p.
1083 1356 1146 1416 157

137 1436 259 1498 Catonis
283 1439 375 1500 fuisse
396 1439 499 1517 tradit,
521 1456 581 1498 non
599 1437 679 1516 huie,
702 1437 754 1497 sed
772 1438 834 1498 filio
854 1439 1062 1503 attribuendus
1082 1462 1147 1504 esse

136 1546 242 1588 moneo
266 1531 371 1588 eontra
392 1528 544 1587 Joersium
565 1549 594 1600 p.
611 1527 683 1586 278.

322 1827 361 1913 5.
396 1801 651 1907 eluimus
679 1835 738 1909 ve
766 1834 957 1909 ruinius

224 1977 283 2040 Cio.
302 1979 384 2041 Lael.
402 1983 419 2040 6
444 1972 571 2038 ‘seimus
594 1979 626 2039 L.
646 1977 778 2038 Acilium
800 1981 880 2056 apud
901 1984 1004 2057 patres
1026 1987 1145 2046 nostros

135 2069 320 2145 appellatum
344 2087 408 2129 esse
433 2067 614 2145 Sapientem,
638 2112 666 2126 ..
690 2067 761 2142 quia
783 2070 915 2144 prudens
938 2089 1003 2130 esse
1025 2072 1056 2130 in
1078 2073 1145 2134 iure

134 2157 215 2216 civili
233 2150 419 2233 putabatur'.
452 2156 634 2231 Pomponius
654 2152 674 2230 ἓ
690 2157 731 2215 38
747 2148 864 2217 ‘deinde
878 2149 963 2239 (post
976 2160 1021 2221 Ti.
1031 2159 1144 2222 Corun-

134 2239 266 2324 canium)
286 2246 351 2305 Sex.
371 2244 475 2303 Aelius
494 2247 525 2302 et
547 2243 641 2302 frater
660 2242 733 2321 eius,
757 2242 789 2304 P.
808 2245 913 2307 Aelius
932 2251 962 2307 et
980 2241 1063 2331 P.(?)
1077 2251 1144 2311 Ati·

133 2333 192 2391 lius
211 2334 371 2392 maximam
390 2332 545 2391 seientiam
563 2331 594 2390 in
612 2332 779 2408 profitendo
798 2334 977 2415 habuerunt,
1074 2341 1144 2399 Ati·

133 2421 192 2480 lius
216 2424 317 2479 autem
341 2420 454 2496 primns
478 2439 496 2478 a
519 2421 630 2496 populo
654 2420 778 2498 Sapiens
801 2425 971 2500 appellatus
995 2419 1060 2487 est'.

385 2606 436 2664 Ad
461 2606 559 2684 leges
582 2608 651 2666 XII
673 2608 893 2669 tabularum.

223 2721 340 2780 Sohoell
363 2721 439 2800 legis
463 2722 618 2782 duodecim
640 2724 720 2783 tabb.
740 2724 885 2802 reliquiae
907 2690 937 2803 p:
958 2728 985 2801 7,
1002 2727 1041 2787 25
1054 2745 1097 2806 sq.

488 2879 573 2960 [nr
599 2882 634 2941 a
657 2881 784 2959 funere]

222 2989 332 3056 Cicero
365 2991 403 3055 de
435 2993 495 3074 leg.
524 2993 558 3073 2,
581 2993 633 3058 59.
669 3029 706 3039 —
741 3011 916 3060 Munianus
950 3013 1064 3062 ouras
1095 3017 1142 3063 uu

131 3096 298 3145 RADUNTO
339 3098 430 3145 ruva
473 3098 604 3146 nussum
645 3099 792 3148 annulus
831 3101 924 3148 uuae
962 3103 1139 3153 mansure.

132 3170 193 3235 hoo
219 3174 344 3234 ueteres
368 3170 571 3253 interpretes,
601 3169 669 3235 Sex.
695 3171 819 3256 Aelius,
846 3171 882 3236 L.
907 3173 1046 3259 Acilius,
1073 3199 1139 3240 non

133 3259 210 3323 satis
235 3280 268 3322 se
292 3258 477 3342 intellegere
501 3258 664 3341 dixerunt,
692 3260 747 3323 sed
771 3262 928 3344 suspicari
952 3265 1138 3329 vestimenti

132 3348 262 3430 aliquod
287 3367 387 3431 genus
411 3347 563 3411 funebris.
