2422 3840
130 178 194 244 396
221 179 295 235 VIII.
311 135 447 234 OCTAVI
461 178 555 234 SAEO.
566 178 665 235 lutus
680 177 856 235 CONSULT.
868 178 993 234 30οΙΕὸ
1008 179 1142 234 TERTIA

514 391 537 451 I.
564 393 755 468 Responsa.

219 526 395 586 Trebatium
404 525 436 583 in
450 524 656 600 respondendo
670 524 801 582 multum
815 523 907 582 fuisse
922 527 1059 599 apparet:
1074 527 1142 603 plu-

129 616 207 674 rima
226 615 290 675 eius
313 632 457 691 responsa
479 614 627 689 feruntur,
649 613 728 671 inter
747 631 822 688 quae
845 613 990 671 nonnulla
1013 615 1142 674 celeber-

128 705 214 781 rima,
238 722 281 763 ex.
306 723 351 779 gr.
370 720 549 779 responsum
571 702 603 760 in
625 719 716 760 causa
733 700 915 760 Maecenatis
934 702 965 759 et
984 701 1142 764 Terentiae

128 793 207 852 circa
221 811 246 851 a.
258 785 373 870 736718
390 792 494 850 datum
510 788 559 870 (D.
572 793 660 866 24,1,
672 793 713 850 64
728 790 764 849 cf.
774 789 910 848 Pernice:
925 789 1025 851 Labeo
1039 792 1063 867 I,
1076 786 1142 871 21),

130 882 165 942 de
190 881 287 940 sterili
309 880 435 939 muliere
460 882 560 954 empta
583 882 687 938 contra
710 878 880 937 Labeonem
901 872 1036 958 (06114,
1053 883 1081 959 2,
1098 873 1143 963 8),

23 977 30 989 '
106 970 257 1046 denique
286 967 450 1040 Octauiano
478 969 617 1046 Augusto
651 967 687 1026 de
718 967 924 1026 codicillorum
950 986 1008 1027 usu
1035 969 1142 1029 datum

128 1049 235 1139 (supra
257 1078 286 1134 p.
306 1048 394 1138 392).

219 1146 379 1205 Trebatius
403 1146 521 1221 saepius
544 1145 624 1204 idem
646 1145 833 1221 respondisse
857 1145 967 1204 dicitur
989 1145 1071 1222 quod
1089 1148 1143 1206 alii

129 1235 263 1296 eiusdem
295 1234 403 1294 aetatis
434 1234 509 1294 iuris
541 1235 670 1295 consulti
701 1233 928 1309 responderunt.
981 1234 1144 1295 Iavolenus

128 1325 218 1400 enim,
237 1323 394 1400 Ulpianus,
412 1323 525 1382 Paulus
545 1327 576 1382 61
589 1323 754 1383 Venuleius
775 1323 822 1382 vel
836 1319 957 1381 Gallum
971 1323 1143 1400 Aquillium

129 1411 251 1472 Ofilium
274 1411 450 1471 Trebatium
475 1404 525 1492 (D.
546 1414 596 1488 30,
612 1414 663 1488 30,
679 1402 714 1492 7)
742 1411 792 1471 vel
819 1411 994 1470 Trebatium
1018 1409 1156 1472 Ofilium

128 1502 299 1560 Labeonem
321 1494 371 1578 (D.
393 1502 488 1577 17,1,
508 1491 633 1581 22,10)
661 1501 709 1559 vel
731 1498 901 1558 Labeonem
923 1497 1046 1558 Ofilium
1071 1502 1142 1561 Tre-

128 1590 246 1648 batium
269 1584 319 1666 (D.
337 1591 388 1662 49,
405 1590 456 1662 15,
471 1580 529 1670 27)
550 1589 600 1649 vel
623 1587 744 1648 Ofilium
769 1591 800 1647 et
823 1588 999 1647 Trebatium
1023 1583 1076 1669 (D.
1092 1593 1145 1666 32,

132 1679 253 1754 100,1,
283 1679 334 1754 43,
350 1679 401 1754 22,
417 1679 494 1755 2,4;
523 1679 619 1754 8,21,
636 1668 670 1758 1)
698 1677 747 1738 vel
773 1676 942 1736 Labeonem
965 1677 1144 1738 Trebatium

129 1760 179 1848 (D.
200 1768 250 1834 33,
267 1769 329 1843 7,4
349 1771 380 1824 61
400 1768 499 1843 25,1,
528 1768 717 1844 33,10,11;
742 1768 794 1839 33,
814 1768 934 1843 100,1,
960 1769 1011 1844 32,
1031 1769 1146 1844 29pr.;

131 1858 186 1931 24,
206 1857 239 1932 3,
260 1857 369 1931 66pr.;
402 1856 458 1930 40,
479 1857 555 1931 7,3,
576 1857 614 1913 11
645 1857 676 1913 et
704 1856 755 1927 40,
776 1856 805 1931 7,
832 1856 882 1932 39,
902 1857 934 1930 23
969 1857 1064 1932 16,1,
1086 1860 1141 1935 79)

128 1945 166 2004 de
184 1943 276 2003 variis
294 1942 384 2002 rebus
403 1943 512 2021 legatis
528 1943 608 2002 idem
621 1942 809 2019 respondisse
822 1943 956 2001 tradunt.
983 1947 1146 2019 praeterea

128 2027 287 2093 Iauolenus
315 2032 463 2108 quendam
489 2035 606 2107 patrem
634 2031 765 2090 familias
793 2024 846 2090 ‘ex
873 2031 997 2091 consilio
1026 2033 1143 2094 Labeo·

127 2122 175 2202 nis
208 2119 290 2180 Ofilii
320 2119 458 2289 Oa)scellii
486 2114 631 2179 Trebatii’
663 2123 878 2180 testamentum
909 2121 1014 2180 fecisse
1048 2123 1146 2182 refert

142 2210 179 2268 D.
200 2212 251 2286 28,
267 2211 295 2285 6,
315 2211 381 2269 39.

129 2206 143 2291 (
216 2298 439 2374 Nonnunquam
457 2298 558 2372 plures
577 2297 785 2357 iurisconsulti
804 2299 840 2357 de
860 2298 951 2358 simili
965 2300 1144 2374 quaestione

127 2387 240 2446 iterum
262 2388 352 2462 atque
376 2386 486 2444 iterum
510 2389 577 2446 orta
599 2386 679 2445 idom
702 2388 883 2446 statuerunt.
925 2405 1143 2466 nonnunquam

128 2494 198 2535 vero
217 2475 313 2550 primo
332 2475 397 2533 loco
415 2474 587 2534 nominatus
607 2477 728 2551 aparte
748 2477 904 2535 consultus
923 2477 1005 2535 solus
1020 2478 1143 2553 quidem

128 2582 305 2640 responsum
335 2562 430 2638 dedit,
464 2563 516 2621 sod
541 2563 599 2639 ita,
630 2567 666 2622 ut
694 2563 768 2623 alios
796 2564 963 2624 consentire
991 2567 1146 2627 statueret

129 2670 256 2728 eumque
280 2668 457 2710 consensum
479 2651 510 2708 in
533 2670 674 2727 responso
698 2652 872 2712 declararet.

218 2740 352 2798 Trebatii
370 2757 516 2815 responsa
534 2741 686 2800 auditores
704 2741 845 2801 videntur
864 2742 1030 2819 collegisse,
1052 2745 1143 2803 nimi-

127 2849 195 2888 rum
217 2829 343 2888 Blaesus
367 2818 521 2910 (Blaesus
545 2829 589 2888 ait
611 2830 789 2888 Trebatium
811 2825 1010 2906 respondisse'
1033 2831 1071 2891 D.
1089 2835 1143 2912 33,

129 2922 158 2996 2,
177 2910 248 2998 31),
279 2918 407 2976 fortasse
435 2917 527 2976 etiam
555 2916 676 2977 Oassius
702 2918 857 2996 Longinus
880 2913 904 2999 (⁸
912 2919 1087 2980 Trebatium
1112 2968 1143 2982 ..

127 3005 364 3083 respondisse..
385 3004 505 3065 Cassius
529 3000 659 3082 scripsit’
678 3006 715 3064 D.
731 3008 827 3084 30,5,
843 3000 884 3088 1),
908 3008 1046 3084 inprimis
1068 3030 1143 3070 vero

128 3095 228 3154 Labeo
256 3087 387 3176 (³Labeo
419 3095 513 3154 refert
541 3140 570 3156 ..
598 3095 771 3154 Trebatium
798 3091 1003 3172 respondisse’
1031 3097 1068 3156 D.
1089 3101 1143 3178 31,

128 3187 183 3257 49,
205 3174 248 3264 2).
295 3186 374 3242 certe
402 3183 434 3241 in
460 3184 677 3259 posterioribus
704 3184 789 3243 libris
816 3186 914 3244 multa
936 3186 1071 3246 Trebatii
1093 3207 1142 3247 re-

120 3291 234 3346 sponsa
260 3271 386 3330 tradidit
410 3265 540 3350 f‘Labeo
563 3273 640 3332 libro
664 3273 863 3348 posteriorum
886 3274 990 3333 scribit
1014 3321 1043 3334 ..
1067 3276 1142 3335 Tre·

106 3357 194 3418 batio
221 3356 368 3438 placere’
392 3362 429 3425 D.
453 3365 552 3445 18,1,
571 3353 641 3445 45).
685 3381 755 3422 cum
777 3362 901 3438 genuini
920 3363 1019 3436 operis
1041 3383 1143 3438 pauca

91 3446 224 3510 tantum
252 3453 443 3536 fragmenta
473 3458 602 3519 seruata
630 3453 710 3530 sint,
730 3450 875 3510 lauolem
894 3449 1075 3520 prussorum
1092 3454 1152 3522 epi-

78 3529 169 3593 ⁴01126
198 3542 299 3606 testis
324 3552 382 3610 est
407 3543 511 3636 (libro
531 3548 553 3610 Ι
577 3541 746 3623 ‘respondi
770 3536 932 3600 ...idem
950 3536 986 3588 et
998 3527 1168 3588 Trdsatmd
