2422 3840
313 167 339 216 8.
365 160 517 216 SERVIUS
536 160 718 218 SULPICIUS
738 161 855 218 RUFUS
1027 161 1089 226 167
1123 191 1126 197 ·

461 346 509 405 Dc
530 350 710 407 testamentis,

168 462 293 524 Servius
311 463 342 522 et
359 463 575 521 testamentum
592 482 647 538 per
663 463 914 538 nuncupationem
928 465 1042 524 factum
1058 470 1090 526 et

76 552 199 613 tabulas
223 550 399 611 testamenti
421 555 642 611 commemorat
684 552 720 610 de
742 551 795 610 illo
815 551 907 611 Gaius
927 556 1090 632 2,103sq.

77 662 139 702 non
167 641 304 713 disserit,
331 640 383 699 sed
410 639 442 698 id
462 641 582 698 tantum
604 639 746 716 explicat,
773 641 854 718 quod
876 640 1021 700 Antonini
1044 643 1090 702 Pii

78 733 214 807 tempore
234 720 364 810 (‘nnnc')
388 728 420 786 in
437 746 494 787 usu
513 731 585 788 erat.
627 729 663 788 cf.
683 727 826 806 Czybiarz
843 725 1089 791 Institutionen²

169 921 199 986 1.
222 917 262 982 D.
271 919 323 1002 28,
335 919 363 1001 1,
372 917 425 984 25.
445 916 616 983 Iavolenus
634 917 717 984 libro
738 919 850 1003 quinto
870 921 1086 1003 posteriorum

77 1007 240 1073 Labeonis
256 1003 304 1093 (P.
315 1002 404 1093 216).
437 1004 522 1089 siis,
539 1008 593 1091 qui
608 1010 838 1072 testamentum
852 1009 982 1093 faceret,
997 1010 1085 1075 here·

79 1097 174 1162 dibus
183 1095 299 1182 primis
312 1095 514 1178 nuncupatis,
527 1096 714 1178 priusquam
725 1097 881 1162 secundos
892 1099 1085 1181 exprimeret

77 1184 223 1265 heredes,
242 1183 466 1268 obmutuisset,
484 1185 589 1268 magis
609 1182 753 1268 coepisse
769 1208 840 1249 eum
855 1189 1084 1251 testamentum

77 1275 185 1338 facere
217 1294 314 1357 quam
345 1273 458 1338 fecisse
488 1271 594 1338 Varus
622 1271 832 1356 Digestorum
864 1274 947 1340 libro
981 1276 1085 1359 primo

79 1360 227 1427 Serrium
254 1361 459 1444 respondisse
488 1361 632 1445 scripsit:
664 1361 772 1446 itaque
799 1363 922 1447 primos
950 1363 1084 1430 heredes

79 1473 117 1515 ex
140 1472 179 1515 eo
202 1453 399 1515 testamento
422 1471 487 1514 non
511 1450 649 1514 futuros.

167 1539 198 1604 2.
231 1537 270 1602 D.
289 1539 341 1622 28,
360 1537 390 1619 5,
411 1539 450 1603 17
480 1540 500 1617 ξ
522 1540 549 1603 1.
590 1537 752 1622 Ulpianus
776 1539 859 1604 libro
884 1541 1021 1624 septimo
1046 1543 1087 1607 ad

79 1626 234 1692 Sabinum
263 1625 312 1710 (P.
336 1625 447 1712 2488).
576 1625 638 1691 hoc
665 1632 699 1691 et
725 1626 845 1692 Labeo.
890 1631 974 1695 unde
1003 1631 1088 1696 idem

78 1719 209 1798 tractet,
224 1716 251 1780 si
266 1716 344 1780 duos
359 1737 397 1780 ex
412 1714 570 1794 undecim,
585 1715 664 1780 duos
678 1717 745 1779 sine
759 1721 851 1801 parte
862 1719 998 1803 scripsit,
1014 1742 1089 1784 mox

79 1827 161 1870 unus
181 1826 221 1868 ex
238 1803 290 1868 his
310 1805 365 1889 qui
384 1804 453 1867 sine
471 1807 563 1889 parte
578 1803 717 1889 fuerunt,
735 1805 959 1888 repudiaverit,
977 1813 1088 1873 utrum

79 1893 229 1958 omnibus
257 1893 420 1957 semuncia
435 1915 488 1956 an
518 1893 558 1956 ad
586 1891 691 1957 solum
720 1893 787 1956 sine
816 1898 908 1976 parte
932 1897 1088 1978 scriptum

78 1983 254 2066 pertineat:
354 1981 410 2045 sed
433 1977 561 2045 Servius
585 1981 734 2045 omnibus
759 1982 940 2046 adcrescere
965 1985 1018 2048 ait.

166 2072 198 2136 3.
230 2068 270 2135 D.
292 2071 348 2154 28,
367 2069 402 2154 5,
419 2069 472 2134 46.
521 2069 610 2134 Idem
638 2066 803 2153 (Alfenus)
833 2070 916 2134 libro
946 2071 1084 2137 secundo

78 2159 289 2244 Digestorum
309 2180 328 2222 a
345 2157 446 2222 Paulo
466 2159 716 2241 epitomatorum
737 2156 785 2242 (P.
800 2155 867 2243 34).
900 2157 945 2222 ‘Si
959 2158 1087 2223 Maesia

78 2251 182 2313 mater
200 2268 273 2310 mea
292 2250 325 2311 et
337 2245 452 2310 Fulvia
470 2246 539 2310 filia
553 2268 625 2310 meo
642 2246 760 2329 vivent,
784 2251 853 2310 tum
873 2246 953 2310 mihi
967 2246 1085 2312 Lucius

77 2335 171 2401 Titus
190 2334 284 2400 heres
304 2333 395 2400 esto'.
432 2333 562 2399 Servius
580 2336 755 2419 respondit,
781 2337 808 2398 si
826 2338 966 2400 testator
984 2337 1085 2401 filiam
1132 2397 1134 2400 ,

76 2445 255 2508 numquam
273 2422 432 2506 habuerit,
454 2426 557 2487 mater
580 2428 688 2488 autem
713 2425 950 2509 supervixisset,
973 2429 1084 2489 tamen

77 2511 203 2578 Titium
229 2512 379 2576 heredem
406 2512 490 2595 fore,
523 2512 598 2595 quia
624 2513 671 2592 id,
704 2513 789 2596 quod
819 2514 1020 2596 impossibile
1050 2516 1085 2578 in

76 2604 274 2666 testamento
299 2602 454 2685 scriptum
478 2605 576 2683 esset,
598 2603 719 2665 nullam
743 2603 808 2665 vim
832 2603 974 2667 heberet

166 2705 204 2764 cf.
218 2702 255 2762 D.
271 2705 321 2781 35,
338 2709 366 2780 1,
381 2706 410 2764 3.
438 2702 523 2762 Idem
541 2694 718 2786 (Ulpianus)
737 2705 813 2782 libro
832 2709 915 2764 sexto
939 2706 977 2764 ad
1001 2706 1085 2766 Sebi-

75 2812 148 2851 nnm
173 2787 221 2869 (P.
242 2783 351 2873 2474).
398 2789 537 2867 Optinuit
559 2792 757 2868 impossibiles
781 2794 968 2854 condiciones
991 2798 1084 2855 testa·

75 2878 177 2940 mento
201 2880 367 2956 adscriptas
390 2900 444 2956 pro
466 2881 560 2940 nullis
583 2881 743 2940 habendas.

165 2981 195 3046 4.
228 2979 267 3045 Ι).
290 2982 430 3064 35,1,6
457 2984 526 3061 §t
571 2981 768 3064 Pomponius
800 2983 882 3048 libro
913 2985 1009 3050 tertio
1042 2985 1083 3049 cd

77 3068 234 3135 Sabinum
254 3068 303 3156 (P.
313 3066 403 3157 423).
440 3068 475 3134 si
494 3092 601 3135 servos
626 3074 729 3135 certos
749 3072 819 3154 quis
835 3075 1084 3155 manumisisset,

75 3158 170 3223 heres
191 3180 261 3223 esse
279 3159 385 3223 iussus
404 3162 482 3223 erat.
515 3159 706 3241 quibusdam
726 3181 765 3223 ex
782 3158 833 3223 his
853 3164 927 3224 ante
947 3160 1084 3225 mortuis
1119 3239 1121 3243 ι

75 3245 232 3312 Neratius
265 3247 432 3331 respondit
464 3247 555 3311 defici
588 3270 660 3311 eum
688 3247 874 3312 condicione
902 3271 960 3313 nec
991 3251 1083 3312 aesti-

76 3337 202 3418 mabat,
225 3357 338 3419 parere
361 3339 472 3419 posset
495 3336 675 3400 condicioni
698 3358 758 3400 nec
780 3358 829 3400 ne.
875 3338 930 3400 sed
954 3334 1083 3401 Servius

76 3425 260 3509 respondit,
292 3446 363 3488 cum
391 3425 437 3487 ita
466 3428 552 3488 esset
579 3426 733 3509 scriptum
761 3423 805 3488 ‘si
828 3423 896 3488 filia
925 3430 958 3489 et
980 3429 1084 3491 mater
1179 3450 1183 3457 ·

76 3534 149 3577 mea
172 3513 296 3578 vivent'
320 3514 423 3577 altera
445 3512 510 3576 iem
534 3518 671 3596 mortua,
693 3535 759 3580 non
777 3514 873 3580 defici
888 3514 1094 3580 condicione.
