2422 3840
272 195 297 244 6.
318 186 455 244 mmai
474 217 508 230 —
529 195 552 243 7.
571 187 708 242 SEXTUS
726 188 893 243 PAPlltlUS
1025 189 1088 253 133

79 360 156 438 leges
189 358 254 418 sine
286 355 390 417 ordine
421 356 499 416 latas
606 350 795 432 composuit’,
826 357 899 416 item
931 357 1089 435 Pomponii

78 450 145 508 sunt
176 445 360 506 intermixtis
392 444 567 505 Triboniani
599 445 821 504 additamentis.
873 445 1089 505 Tribonianum

79 536 199 596 Sextum
229 535 308 594 hunc
336 533 491 610 Papirium
519 553 586 593 oum
613 537 714 595 vetere
742 533 911 593 confudisse
938 535 987 593 vel
1014 536 1088 595 haec

78 643 123 686 ras
144 625 273 700 indicat,
301 623 381 701 quod
405 623 436 683 in
459 626 549 701 gente
571 623 694 699 Papiria
717 623 802 682 Sexti
823 642 1005 699 praenomen
1027 643 1087 683 nou

78 715 105 773 in
126 733 187 774 usn
210 716 285 773 orat.

162 801 248 873 Quae
281 818 351 860 vcro
384 800 465 876 apud
494 799 693 876 Pomponium
725 801 867 876 legimus:
900 793 993 878 ‘leges
1025 801 1088 860 sina

79 891 179 951 ordino
203 892 282 950 latas
305 889 341 948 in
364 907 469 947 unum
492 889 660 965 composuit
684 879 737 969 (cf.
760 886 779 964 ξ
800 890 840 949 36
866 882 965 967 ‘loges
988 888 1088 966 regias

78 983 110 1039 in
132 999 241 1040 unum
265 969 431 1057 contulit’),
453 996 513 1036 non
530 977 688 1054 Pomponii
710 995 774 1036 esse
793 977 906 1038 iudico:
929 997 998 1037 narn
1018 978 1089 1056 quin

78 1069 156 1146 leges
189 1067 293 1143 regiae
324 1067 385 1125 iam
416 1069 507 1126 autea
532 1066 564 1124 in
590 1067 764 1143 pontificum
792 1066 878 1126 libris
911 1067 1088 1126 collectae

78 1157 199 1236 fuerint,
221 1155 356 1215 dubitari
377 1155 490 1231 nequit.
532 1155 655 1231 accedit,
679 1155 759 1232 quod
780 1156 873 1215 verba
896 1149 988 1232 ‘leges
1012 1156 1088 1215 sine

79 1247 201 1306 ordino
229 1236 320 1304 latas'
345 1244 526 1304 contrarium
557 1245 650 1303 etiam
671 1245 803 1319 positum
827 1241 921 1304 fuisse
946 1244 1088 1304 indicant.

78 1334 204 1412 deniqne
232 1337 263 1392 ct
289 1333 459 1409 exemplum
486 1331 591 1401 Quinti
619 1332 723 1407 Mucii,
751 1335 802 1410 qui
829 1333 877 1393 ius
905 1333 991 1393 civile
1020 1352 1089 1392 con-

79 1424 178 1482 stituit
215 1421 395 1500 generatim,
432 1424 463 1480 et
494 1419 639 1480 Varronis
676 1441 776 1481 rerum
815 1421 984 1482 divinarum
1019 1421 1089 1481 libri

78 1511 201 1572 Sextum
225 1510 381 1587 Papirium
403 1509 559 1586 impulisse
581 1510 731 1586 videntur,
754 1515 790 1569 ut
812 1511 895 1589 leges
919 1512 1019 1589 regias
1044 1529 1088 1570 sc·

78 1601 207 1659 cundum
230 1619 331 1658 rerum
354 1602 533 1676 argumenta
556 1599 723 1663 collocarat.

165 1687 224 1759 Qui
255 1688 335 1746 hunc
364 1687 486 1746 demum
513 1687 541 1745 S.
564 1687 717 1763 Papirium
746 1688 778 1758 Q.
802 1689 894 1748 Mucii
922 1688 1089 1748 auditorem

77 1778 158 1854 leges
182 1777 281 1854 regias
304 1776 347 1834 ita
370 1776 553 1851 disposuisse
577 1780 683 1853 sumet,
706 1777 797 1835 etiam
819 1777 895 1836 illud
919 1777 1089 1854 explicabit,

76 1867 152 1943 qnod
179 1885 277 1942 neque
299 1863 397 1925 Varro
420 1884 516 1940 neque
540 1862 643 1925 Cicero
667 1865 737 1924 libri
762 1867 945 1924 montionem
966 1866 1090 1937 faciunt,

76 1974 132 2032 qna
155 1957 189 2014 in
211 1972 245 2013 re
263 1953 321 2013 viri
340 1954 421 2012 docti
439 1953 546 2013 merito
566 1952 762 2012 offenderunt.
805 1952 933 2012 Granius
952 1953 1088 2030 Flaccus,

77 2044 186 2120 quide
209 2044 273 2101 iuro
297 2042 459 2119 Papiriano
484 2043 611 2117 scripsit,
635 2042 749 2117 primus
773 2042 899 2101 alterius
921 2041 996 2101 iuris
1019 2060 1088 2101 con·

77 2134 146 2192 sulti
175 2132 290 2191 librum
318 2130 532 2191 commentario
560 2131 716 2207 instruxit,
750 2148 837 2207 quem
866 2133 971 2205 postea
1000 2130 1090 2188 multi

50 2215 52 2219 ’
78 2221 170 2281 sconti
198 2222 278 2280 sunt.
324 2237 400 2296 quae
428 2219 550 2278 Servius
579 2219 617 2278 ad
644 2218 718 2278 Aen.
743 2222 797 2296 12,
817 2221 879 2279 836
914 2218 950 2278 de
983 2211 1089 2278 ‘titulo

77 2311 148 2388 logis
180 2300 334 2386 Papiriae'
364 2309 419 2381 ait,
452 2327 520 2367 cum
549 2308 609 2367 illis
638 2308 832 2385 conveniunt,
865 2327 940 2385 quae
968 2307 1089 2367 Persius

78 2401 105 2478 5,
123 2401 167 2459 90
196 2401 227 2456 et
255 2397 376 2456 Arriani
402 2397 561 2473 Epictetus
585 2399 654 2473 4‚3
683 2398 719 2456 da
745 2391 871 2456 ‘Masuri
899 2390 1030 2456 rubrica'
1059 2401 1090 2456 et

74 2487 110 2547 de
132 2481 330 2566 (Μασουρίου
352 2478 467 2563 νόμοις’
492 2485 586 2544 aiunt.

165 2575 250 2635 Sexti
269 2574 384 2650 Papirii
406 2574 515 2633 librum
538 2577 643 2649 postca
662 2574 757 2634 Servii
776 2574 861 2633 libris
880 2575 1089 2634 oblitteratum

79 2683 138 2724 asae
162 2665 228 2740 ipso
247 2663 430 2739 Pomponius
454 2660 531 2737 §42
554 2663 669 2721 indicat
686 2664 794 2740 verbis,
818 2681 894 2740 quae
914 2663 1089 2722 Tribouiani

77 2773 166 2814 mann
203 2754 347 2829 corrupta
385 2769 448 2810 esse
485 2755 623 2827 apparet:
664 2747 802 2829 ‘denique
840 2770 894 2810 noc
931 2755 1090 2811 vorsantur

79 2843 196 2901 omnino
221 2841 334 2916 scripta
356 2859 461 2900 corum
484 2834 537 2917 (so.
556 2840 648 2898 Mucii
672 2833 857 2919 auditorum)
880 2840 1088 2900 intermunus

78 2930 245 3006 bominum,
274 2930 326 2988 sed
351 2928 473 2989 Servius
503 2924 583 3006 <iis>
611 2928 704 2989 libros
733 2947 802 2989 auos
830 2929 1005 3003 complevit,
1034 2948 1088 3005 pro

80 3021 160 3079 cuius
184 3018 335 3094 scriptura
356 3018 490 3093 ipsorum
514 3036 630 3093 quoque
653 3018 797 3078 momoria
820 3011 968 3077 habetur.'

81 3248 189 3326 Leges
213 3249 338 3325 regiae
361 3245 555 3307 secundum
579 3249 792 3324 argumenta
814 3247 1017 3304 collocatae
1040 3247 1090 3304 vol

419 3337 476 3396 ius
503 3336 747 3412 Papirianum.

166 3461 335 3520 Macrobius
354 3463 410 3521 sat.
427 3461 455 3536 3,
472 3462 521 3538 11,
538 3462 555 3520 5
575 3458 832 3533 commentarium,
851 3477 940 3533 quem
958 3457 1088 3518 Granius

82 3548 204 3611 Flaccus
228 3550 264 3608 de
284 3549 350 3610 iure
369 3549 531 3628 Papiriano
556 3549 688 3632 scripsit,
707 3541 773 3613 *ius
785 3540 1000 3627 rapuissem
1027 3565 1111 3604 mm·

1168 3662 1186 3781 l,
