2422 3840
95 132 138 197 64
173 113 221 188 IV.
244 130 389 187 SEPTIMI
405 132 503 187 SAEO.
517 131 613 188 IURIS
629 131 800 187 CONSULT.
816 131 941 189 saulus
957 133 1104 192 ALTERA

93 304 170 364 liber
191 301 321 362 XXXIII
348 300 384 360 de
412 301 570 361 contracti·
594 293 597 417 1

137 393 194 451 bus
214 409 367 451 servorum
381 389 570 467 filiorumque

137 480 275 540 familias.

94 570 170 629 liber
187 567 331 628 XXXIV?

94 658 164 719 libri
175 657 294 717 XXXV.
308 655 437 717 XXXVI
451 656 487 718 ds
502 675 568 716 oon·
624 656 700 715 liber
721 656 792 716 XIV
824 657 861 716 de
893 661 1044 720 consortio
1072 665 1103 722 et

138 747 230 807 sortio
254 750 285 806 et
308 744 469 807 societate?
668 744 811 805 societate
834 743 879 820 (P.
900 749 928 809 7.
947 741 991 829 8).

111 943 140 1002 V
161 943 210 1004 vel
232 941 283 1002 IV.
312 941 361 1000 De
383 921 517 1017 eapitis
541 940 786 1000 deminutione
809 944 844 1001 et
867 917 1085 1020 ignominia?

93 1066 169 1127 liber
199 1065 343 1125 XXXVII
384 1064 419 1125 de
456 1064 571 1126 civibus
624 1065 700 1124 liber
717 1064 773 1124 XV
796 1065 832 1124 de
855 1065 970 1127 civibus
994 1068 1102 1129 deditis

139 1155 247 1215 deditis
256 1154 360 1234 iisque,
372 1154 482 1231 quibus
494 1173 571 1231 aqua
670 1156 701 1214 et
724 1154 760 1213 de
782 1154 967 1230 postliminio
987 1148 1036 1239 (P.
1051 1161 1101 1218 42.

139 1247 169 1303 et
205 1244 270 1320 igni
301 1242 494 1302 interdictum
525 1245 572 1302 est
671 1235 738 1324 43).

139 1337 170 1392 et
193 1332 228 1391 de
252 1332 387 1408 captivis.

94 1421 171 1480 liber
188 1420 347 1480 XXXVIII
370 1420 406 1479 de
428 1421 526 1480 funtis.
627 1415 1103 1505 liberXVIdafurt0(P.9—11).

626 1509 702 1568 liber
711 1509 798 1569 XVII
809 1510 845 1568 de
854 1510 1103 1586 repetitionibus?

94 1598 170 1657 liber
179 1598 306 1657 XXXIX
320 1598 356 1657 de
370 1598 572 1674 publicatione
626 1597 703 1657 liber
721 1597 824 1657 XVIII
847 1598 882 1658 de
901 1600 1102 1675 publicatione

140 1687 331 1762 praediorum
367 1688 572 1764 bonorumque
670 1686 862 1762 praediorum
897 1688 1102 1768 bonorumque

139 1775 189 1835 vel
214 1775 249 1834 ds
273 1776 337 1835 iure
360 1775 483 1854 populi?
671 1776 719 1835 vel
743 1775 778 1834 de
801 1776 867 1836 iure
890 1773 1017 1853 populi?

182 1971 315 2030 Mucium
338 1971 374 2029 de
397 1971 563 2031 hereditate
585 1971 682 2047 primo
705 1972 771 2031 looo
795 1972 891 2050 egisse
915 1975 1029 2032 eertum
1049 1980 1103 2035 est.

95 2060 179 2121 ouius
211 2061 255 2119 rei
285 2079 377 2120 eausa
404 2064 481 2137 eret,
514 2061 592 2138 quod
620 2060 833 2136 patrimonium
860 2061 940 2121 vitae
967 2063 1105 2138 pritatae

95 2150 182 2228 quasi
204 2149 434 2208 fundamentum
456 2149 631 2209 habebatur.
673 2151 826 2224 praetores
849 2149 880 2207 in
904 2150 1000 2210 edicto
1024 2170 1103 2213 oom-

94 2238 231 2315 ponando
262 2239 295 2296 in
321 2238 378 2295 hao
404 2255 437 2295 re
462 2237 594 2296 Munium
621 2237 717 2297 secuti
744 2236 825 2297 sunt.
876 2257 950 2316 quae
978 2239 1107 2303 Rudorff

96 2327 127 2386 Z.
150 2326 171 2384 f.
194 2327 250 2401 Rg.
272 2325 331 2398 III,
353 2327 391 2383 62
421 2324 535 2399 docuit,
566 2344 633 2385 eum
661 2329 691 2385 et
718 2326 757 2385 ad
782 2328 915 2386 nostram
944 2347 1008 2387 rem
1035 2329 1104 2389 illu·

96 2413 251 2474 strandum
281 2413 406 2488 faciant,
441 2413 604 2488 repetenda
635 2415 715 2475 duxi.
770 2415 843 2492 „Die
876 2415 1122 2495 Klassifikation,

96 2502 270 2562 stmtlioher
300 2502 518 2576 Ediktstheile‚
555 2504 666 2563 welohe
698 2503 1105 2583 Reohtsverfolgungsmittsl

96 2590 386 2667 zusammenstellon‚
414 2591 544 2669 grundet
572 2592 634 2652 sioh
751 2593 806 2651 auf
831 2592 878 2651 die
906 2593 1106 2674 Wiohtigkeit

96 2678 157 2738 und
176 2678 233 2738 den
248 2678 420 2739 Geldwerth
440 2681 492 2739 der
504 2682 691 2740 materiellen
705 2680 915 2758 Gegensttnde
930 2682 1104 2762 dergestaIt,

96 2768 165 2827 dass
189 2767 235 2825 die
254 2768 415 2828 Erbsohaft
438 2768 482 2828 als
500 2768 795 2848 Vermtigensganzes
815 2770 882 2829 dem
902 2768 1105 2850 (irnndstflok,

97 2856 150 2916 das
183 2855 373 2916 Grundstiiok
406 2858 450 2916 als
482 2858 640 2918 sioherstes
672 2858 733 2918 und
753 2859 1003 2938 ¹unbewegliehes
1031 2861 1105 2922 Ver·

97 2946 307 3022 mogensstuok
326 2945 393 3004 dem
412 2945 550 3023 Sklaven,
570 2947 622 3006 der
640 2946 733 3008 Sklav
752 2948 796 3006 als
814 2948 1104 3026 veinunftbegabtas

96 3033 207 3092 Wesen
231 3033 298 3093 dem
317 3035 407 3093 Thiar
425 3035 487 3094 und
506 3036 602 3095 dieses
621 3036 666 3095 als
686 3035 880 3114 Organismus
900 3037 952 3095 der
971 3037 1105 3098 leblosen

97 3122 190 3181 Saohe
204 3123 393 3202 voraufgeht.
423 3124 485 3183 Das
500 3124 594 3183 Edikt
607 3125 648 3184 ist
661 3125 727 3184 hier
740 3126 1106 3187 nationaltkonomisohen

186 3211 459 3288 Gesiehtspunkten
489 3213 613 3291 gefolgt.
664 3214 753 3274 Diese
781 3214 969 3292 Auffassung
996 3217 1107 3275 beruht

98 3300 152 3358 auf
185 3302 382 3376 ntehternen‚
419 3304 491 3361 aber
522 3302 641 3361 urelten
673 3303 735 3360 und
767 3302 1013 3363 einleuohtenden
1047 3305 1107 3364 An·

98 3389 293 3468 soheuungen
317 3391 368 3450 des
391 3390 560 3450 ro'misohen
577 3391 697 3450 Rechts.
737 3391 783 3450 Im
803 3392 993 3452 offentliohen
1011 3394 1108 3454 Reeht

97 3477 196 3555 liegen
220 3479 261 3538 sie
285 3478 352 3538 dem
376 3477 487 3539 Census
511 3500 546 3538 nu
570 3478 689 3539 Grunde
714 3477 787 3540 ...“
