2422 3840
347 169 371 217 1.
394 163 432 219 M.
451 161 604 219 potiolus
623 162 718 219 CATO
737 165 774 219 M.
793 162 823 217 ll.
1046 163 1088 226 21

15 404 17 407 Ι
82 348 226 406 responsa
253 350 308 390 sua
337 331 498 390 inseruisse
524 349 614 407 supra
637 331 772 391 diximus.
816 333 873 392 hoo
896 332 961 391 loeo
984 351 1089 392 moneo

82 437 151 478 enm
179 420 399 479 consulentium
426 421 560 479 virorum
587 423 618 478 et
645 420 802 479 mulierum
825 421 947 480 nomina
968 422 1090 479 minime

81 507 237 569 delevisse.
282 507 466 568 Cicereii

171 597 216 656 De
239 615 339 656 rerum
363 597 465 657 ordine
488 597 564 657 serti
585 597 661 656 nihil
684 601 808 658 constat.

490 791 597 851 Liber
619 791 683 852 XV.

173 909 202 976 1.
226 910 264 975 D.
278 911 332 993 45,
353 911 420 992 1,4
443 913 462 991 ξ
481 910 511 975 1.
555 910 676 976 Paulus
699 912 781 976 libro
805 911 929 975 decimo
952 911 1090 975 seeundo

82 997 123 1064 ad
147 997 302 1064 Sabinum
329 995 379 1085 (P.
405 995 516 1086 1841).
541 1036 579 1045 -
605 997 686 1065 Cato
714 1001 798 1064 libro
826 999 939 1084 quinto
967 999 1090 1064 decimo

82 1087 197 1152 scribit
219 1110 324 1172 poena
347 1092 451 1152 certae
474 1087 820 1172 pecuniae'promissa,
845 1091 872 1153 si
897 1088 971 1173 quid
996 1088 1091 1152 aliter

81 1178 208 1241 factum
227 1178 279 1259 sit,
298 1181 425 1241 mortuo
445 1176 641 1262 promissore
661 1177 689 1240 si
704 1199 741 1241 ex
756 1178 903 1260 pluribus
917 1176 1091 1241 heredibus

83 1286 167 1329 unus
191 1270 422 1349 contraquam
447 1269 577 1330 oautum
600 1267 644 1330 sit
661 1266 782 1343 fecerit,
806 1271 862 1330 aut
881 1267 921 1330 ab
942 1265 1091 1330 omnihus

83 1352 254 1418 heredibus
282 1376 420 1437 poenam
448 1355 606 1419 committi
631 1376 691 1439 pro
719 1356 867 1438 portione
894 1355 1092 1419 hereditaria

82 1446 140 1506 aut
173 1442 213 1506 ab
247 1464 311 1506 uno
343 1465 403 1525 pro
434 1444 583 1525 portione
616 1466 686 1508 sua:
725 1444 765 1507 ab
798 1444 962 1526 omnibus,
1000 1443 1027 1507 si
1059 1443 1092 1508 id

82 1529 215 1615 factum,
238 1530 276 1594 de
296 1553 359 1615 quo
379 1535 509 1595 cautum
528 1536 586 1615 est,
609 1532 810 1597 individuum
830 1533 881 1616 sit,
899 1532 1000 1597 veluti
1019 1530 1093 1596 ‘iter

81 1619 175 1703 fieri'‚
198 1621 276 1702 quia
299 1619 384 1704 quod
403 1620 437 1684 in
455 1623 565 1704 partes
584 1621 684 1686 dividi
703 1643 768 1684 non
786 1625 905 1705 potest,
928 1621 969 1686 ab
989 1621 1092 1684 omni·

82 1708 143 1772 bus
162 1708 400 1790 quodammodo
418 1708 541 1773 factum
560 1709 734 1774 videretur:
754 1714 789 1773 at
809 1712 836 1774 si
855 1710 893 1773 de
909 1731 946 1772 eo
961 1714 1092 1774 cautum

82 1796 136 1877 sit,
159 1796 245 1880 quod
268 1796 457 1861 divisionem
477 1797 622 1880 recipiat,
646 1799 744 1862 veluti
763 1798 913 1881 ‘amplius
932 1819 998 1861 non
1018 1796 1094 1882 agi',

81 1889 153 1949 tum
176 1907 250 1949 eum
270 1884 430 1969 heredem,
454 1885 509 1968 qui
528 1886 680 1950 adversus
700 1908 739 1950 ea
757 1887 842 1968 fecit,
866 1908 924 1970 pro
944 1886 1092 1969 portione

82 1995 142 2038 sua
166 1975 271 2038 solum
293 1995 430 2057 poenam
450 1975 661 2039 committere.
703 1973 900 2037 differentiae
919 1974 1003 2038 hano
1022 1995 1092 2037 esse

81 2063 259 2146 rationem,
296 2063 380 2147 quod
417 2063 451 2126 in
486 2063 594 2146 priore
631 2083 708 2128 casu
745 2084 856 2127 omnes
893 2061 1092 2126 commisisse

81 2150 248 2233 videntur,
279 2151 364 2234 quod
394 2151 458 2215 nisi
484 2153 519 2216 in
547 2152 686 2216 solidum
714 2152 841 2234 peccari
870 2172 935 2215 non
963 2151 1093 2235 poterit,

83 2239 309 2325 <similemque
329 2261 397 2304 esse
416 2240 513 2324 huie>
526 2240 615 2305 illam
635 2241 881 2323 stipulationem
897 2238 967 2323 ‘per
980 2244 1012 2302 te
1027 2260 1093 2303 non

82 2328 168 2412 fieri,
191 2350 255 2412 quo
280 2329 385 2393 minus
409 2327 490 2392 mihi
512 2331 559 2393 ire
583 2350 678 2413 agere
701 2327 835 2394 lioeati'

407 2511 456 2568 Ex
478 2511 585 2570 libris
608 2512 770 2572 incertis

172 2629 203 2694 2.
230 2627 317 2694 Fest.
341 2652 370 2694 v.
389 2631 526 2693 mundus
548 2652 579 2713 p.
600 2629 664 2694 154
679 2628 721 2695 M.
742 2667 780 2676 —
802 2628 939 2694 Mundus
1038 2631 1095 2714 qui

83 2715 160 2801 quid
184 2719 232 2781 ita
255 2717 388 2800 dicatur,
412 2718 457 2782 sie
481 2718 579 2782 refert
599 2716 680 2784 Cato
699 2719 734 2782 in
754 2719 994 2783 commentariis
1013 2720 1092 2783 iuris

83 2805 201 2870 civilis:
231 2808 347 2872 mundo
373 2828 484 2871 uomere
510 2808 679 2889 inpositam
705 2813 749 2872 esi
774 2807 813 2872 ab
839 2828 872 2872 eo
899 2809 1014 2872 muodo
1040 2809 1095 2889 qui

81 2914 182 2976 supra
199 2915 255 2960 rios
272 2899 331 2960 est:
347 2895 453 2977 formo
471 2897 551 2960 enirn
565 2896 631 2960 eius
649 2901 699 2978 est,
717 2902 752 2960 ut
766 2917 803 2961 ea
816 2896 864 2961 bis
877 2897 931 2978 qai
944 2898 1096 2962 intravere

83 3002 257 3067 copiosiore
274 2985 377 3068 potui,
400 2985 554 3049 adsimilis
577 2985 614 3049 iil
651 3037 657 3049 .

174 3073 204 3137 3.
237 3072 276 3138 D.
295 3073 351 3155 50,
372 3074 427 3155 16,
447 3073 488 3138 98
513 3076 532 3153 ξ
553 3075 582 3139 1.
631 3073 721 3137 Idem
750 3069 895 3159 (Celsus)
927 3074 1010 3141 libro
1038 3073 1101 3137 tri.

84 3161 232 3245 gensimo
251 3183 338 3225 nono
353 3160 560 3244 Digestorum
576 3159 626 3248 (P.
640 3161 729 3246 274).
747 3198 784 3207 -
802 3160 882 3226 Cato
899 3167 993 3244 putat
1008 3184 1098 3226 men·

84 3271 153 3312 sem
176 3249 400 3314 intercalarem
424 3250 610 3315 additicium
635 3272 713 3314 esse.

173 3337 221 3403 4⁸.
241 3337 320 3402 Gall.
336 3339 417 3422 5,19
433 3339 504 3418 §12
514 3361 559 3422 sq.
574 3375 615 3385 -
632 3338 784 3424 alioquin,
799 3339 905 3423 inquit
919 3336 1103 3423 (Masurius.

84 3423 248 3510 Sabinus),
272 3427 299 3490 si
318 3428 397 3491 iuris
416 3428 480 3491 ista
499 3428 675 3514 antiquitas
695 3431 860 3513 seruetur,
875 3427 984 3492 etiam
998 3442 1130 3486 seruus.

83 3537 104 3578 a
132 3514 261 3579 domino
282 3537 346 3598 per
367 3521 560 3602 praetorem
589 3519 665 3590 dari
692 3522 732 3588 in
759 3518 992 3606 adoptionem
1017 3505 1160 3590 penest.
