2422 3840
76 147 160 210 .142
199 148 245 203 VI.
271 147 405 203 OCTAVl
425 147 523 203 Sanc.
540 146 637 202 Iulus
657 146 829 203 CONSULT.
846 145 976 202 saulus
994 146 1108 202 PRIMA

98 316 261 392 Sulpicio
284 317 566 374 nominantur..
586 315 712 392 denique
733 335 788 374 nec
806 318 967 375 versantur
992 317 1108 375 omnino

99 406 211 481 scripta
230 425 332 464 eorum
350 406 553 462 intermunus
573 404 736 480 hominum,
760 405 821 462 sed
840 404 990 465 Servius
1011 401 1107 483 <iis>

96 495 216 554 libros
240 512 322 553 suos
347 493 555 568 complevit,
578 538 607 553 ..
631 513 685 568 pro
706 493 790 552 cuius
809 493 959 568 scriptura
977 494 1108 569 ipsorum

96 603 213 661 quoque
237 582 381 641 memoria
403 576 551 640 habetur’.
593 584 669 639 mira
692 583 765 640 haec
788 582 922 640 narratio
947 602 1022 640 num
1040 601 1108 644 vera

98 674 137 732 sit
152 671 308 730 diiudicari
322 672 382 729 iam
397 671 509 745 nequit,
525 689 593 728 curn
608 669 705 729 Servii
719 671 865 728 librorum
878 689 978 745 pauca
991 675 1108 732 tantum

96 763 265 837 fragmenta
284 763 403 818 servata
422 759 490 833 sint,
511 755 542 816 in
562 760 670 835 quibus
685 759 776 818 Mucii
795 759 969 818 auditorum
986 761 1107 820 illorum

96 850 217 909 nomina
239 868 388 925 nusquam
411 848 611 907 inveniuntur.
651 847 683 905 id
706 866 776 906 roro
799 867 854 923 pro
874 851 955 908 certo
975 852 1106 911 statuere

96 940 179 1016 licet,
210 937 345 997 Servium
370 936 513 1006 allucii
536 937 716 1011 placitorum
738 935 820 994 haud
842 955 968 1012 parvam
991 943 1106 1014 partem

96 1028 292 1102 improbasse:
315 1025 394 1102 quod
413 1044 473 1084 non
491 1026 589 1083 solum
607 1025 716 1084 titulus
736 1020 928 1100 ‘reprehensa
948 1026 1106 1088 Scaevolae

96 1109 217 1192 capita',
242 1114 407 1174 sedetiam
431 1133 466 1172 ea
489 1115 604 1189 docent,
628 1132 705 1190 quae
725 1113 863 1172 Servium
887 1115 922 1173 de
946 1116 1106 1189 generibus

97 1203 315 1264 constituendis
334 1203 460 1279 aliisque
480 1203 515 1260 de
534 1202 623 1260 rebus
644 1202 778 1262 docuisse
797 1202 944 1261 traditum
963 1207 1017 1263 est.
1059 1206 1106 1280 qui

97 1294 194 1354 Servii
211 1293 381 1369 fragmenta
398 1291 570 1365 inspexerit,
589 1293 620 1348 in
638 1292 722 1351 nullo
737 1310 806 1349 eum
820 1291 912 1350 Mucii
926 1294 1106 1352 sententiam

96 1384 236 1458 probare,
265 1381 316 1438 sed
339 1380 371 1437 in
394 1380 544 1457 omnibus,
571 1380 603 1437 in
627 1371 799 1455 quibusda
827 1383 893 1438 iure
916 1385 1106 1440 controverso

96 1471 204 1547 agitur,
229 1487 247 1526 a
266 1469 363 1528 Mucio
383 1469 541 1527 dissentire
560 1468 681 1528 videbit.
720 1472 790 1527 sunt
814 1471 915 1528 autem
938 1471 1107 1547 fragmenta

95 1562 180 1618 haec:
217 1554 364 1616 Labeonis
391 1558 427 1615 D.
453 1559 508 1635 32,
535 1559 634 1632 29,1.
672 1560 728 1634 40,
754 1561 782 1634 7,
807 1560 920 1639 39111,
953 1559 1106 1635 Pomponii

95 1648 130 1706 D.
146 1650 198 1723 47,
209 1649 237 1722 2,
255 1650 349 1722 77,1;
370 1645 425 1706 Gai
439 1646 513 1705 Inst.
529 1648 646 1724 3,149;
665 1646 752 1705 Pauli
766 1647 802 1707 D.
819 1650 868 1717 17,
881 1649 909 1720 2,
921 1649 973 1708 30.
993 1649 1105 1724 50,16‚

97 1739 196 1812 25,1;
222 1736 345 1811 Ulpiani
369 1736 405 1792 D.
427 1737 477 1812 33,
493 1738 521 1813 9,
538 1737 566 1809 3,
582 1738 610 1810 6,
634 1735 761 1811 denique
785 1734 875 1794 Gellii
895 1739 1037 1814 4,1,17.
1058 1739 1106 1797 20.

96 1844 172 1902 quae
199 1826 370 1899 fragmenta
401 1825 526 1883 fortasse
549 1843 652 1883 veram
681 1825 725 1883 rei
752 1825 916 1900 imaginem
938 1844 998 1883 non
1022 1845 1106 1901 prae-

95 1915 181 1986 bent,
211 1933 278 1972 cum
305 1914 337 1972 in
359 1914 427 1971 aliis
451 1913 627 1988 fragmentis
653 1913 790 1974 Servium
812 1913 947 1971 Mucium
970 1918 1106 1974 secutum

97 2003 217 2081 quidem
243 1999 321 2076 esse,
348 2005 380 2061 at
404 2001 618 2061 Tribonianum
642 2003 674 2060 et
696 2001 788 2060 Mucii
812 2005 842 2060 61
866 2001 964 2061 Servii
986 2004 1108 2063 nomina

96 2093 240 2152 delevisse
270 2092 404 2150 conicere
428 2091 525 2150 liceat.
576 2090 750 2149 adiumento
778 2095 838 2168 661,
868 2091 949 2167 quod
971 2111 1107 2150 nonnun-

71 2223 72 2227 1
96 2201 186 2258 quam
210 2200 228 2239 a
250 2180 475 2257 posterioribus,
499 2180 551 2237 ubi
575 2178 697 2238 Servius
720 2183 823 2238 contra
841 2180 975 2239 Mucium
990 2181 1107 2257 statuit,

95 2275 148 2328 aut
180 2271 291 2328 reiecta
319 2268 414 2326 Seruii
447 2268 595 2326 sententia
623 2269 716 2326 Mucii
746 2259 892 2343 probatur
921 2261 977 2349 (D.
998 2271 1055 2345 47,
1080 2272 1106 2346 2,

97 2362 147 2430 77,
169 2362 197 2416 1.
229 2357 425 2431 Pomponius:
450 2350 535 2414 ‘haec
555 2357 587 2424 Q.
601 2357 719 2416 Mucius
742 2357 835 2416 refert
855 2360 885 2416 et
903 2376 976 2416 vera
996 2362 1068 2417 sunt
1083 2402 1106 2416 ..

95 2466 150 2504 nec
177 2446 291 2504 utimur
320 2444 414 2503 Servii
443 2445 603 2518 sententia,
632 2447 684 2522 qui
712 2439 855 2520 putabat'
885 2452 916 2504 et
938 2466 965 2521 q.
987 2441 1025 2526 6.)
1054 2450 1108 2504 aut

94 2534 186 2593 Mucii
216 2533 365 2592 sententia
397 2537 500 2592 contra
528 2533 625 2594 Servii
657 2535 917 2610 reprehensionem
946 2539 1108 2595 excusatur

95 2622 145 2702 (D.
163 2625 214 2698 33,
226 2626 253 2699 9,
265 2625 293 2696 3,
307 2624 334 2683 6.
367 2621 527 2697 Ulpianus:
547 2617 591 2692 Ὦ,
605 2623 722 2683 Mucius
742 2624 785 2682 sie
803 2623 972 2702 definiebat,
1056 2625 1108 2683 sed

96 2711 252 2770 materiam
279 2711 418 2785 praebuit
446 2710 548 2770 Servio
576 2713 701 2770 notandi
729 2757 794 2790 ...,
830 2711 881 2771 sed
909 2712 1028 2771 Mucius
1057 2732 1107 2772 eos

39 2815 42 2826 ·
95 2800 193 2860 voluit
225 2793 403 2876 significari'
435 2806 465 2858 et
492 2821 518 2876 q.
538 2793 584 2881 6.).
641 2801 767 2877 denique
797 2800 893 2861 Servii
925 2801 1106 2860 sententiam

95 2889 246 2964 quandam
275 2889 399 2947 eandem
427 2896 494 2948 6666
519 2895 610 2966 atque
638 2890 737 2948 Publii
759 2890 852 2949 Mucii
875 2889 975 2949 Labeo
1004 2895 1108 2950 monet

97 2969 146 3058 (D.
163 2980 212 3048 24,
229 2980 257 3056 3,
273 2981 369 3147 613111.
390 3025 413 3037 ..
435 2972 566 3037 ‘Servius
586 2979 641 3037 ait:
666 2997 702 3037 ea
725 2979 875 3038 sententia
897 2978 999 3038 Publii
1013 2979 1108 3039 Mucii

96 3061 156 3126 est’
181 3074 211 3125 et
234 3087 261 3143 q.
282 3086 328 3125 s..
355 3099 392 3108 -

184 3157 231 3213 Ad
247 3155 342 3214 Servii
356 3157 603 3231 proconsulatum
617 3157 768 3231 pertinent
781 3157 943 3215 nonnullae
954 3155 1111 3216 Ciceronis.

96 3244 248 3320 epistolae,
268 3264 343 3320 quae
362 3245 473 3320 partim
491 3244 583 3302 etiam
603 3245 691 3303 huius
710 3245 768 3304 loci
788 3248 865 3304 sunt.
903 3243 1007 3305 Cicero
1027 3247 1106 3304 enim

96 3334 133 3391 ad
157 3334 284 3392 amicum
310 3333 425 3392 scribit:

184 3416 242 3479 ‘MJ
263 3421 378 3498 Curius,
403 3423 453 3497 qui
477 3422 575 3480 Patris
599 3423 781 3499 negotiatur,
804 3423 908 3482 multis
933 3428 964 3482 et
986 3425 1106 3500 magnis

96 3510 132 3567 de
147 3512 244 3568 causis
259 3529 276 3568 a
290 3530 336 3568 mc
352 3511 489 3588 diligitur
505 3558 527 3569 ..
545 3511 587 3569 sic
601 3511 656 3570 tibi
675 3531 743 3569 eum
758 3512 939 3584 commendo,
959 3516 995 3571 ut
1008 3531 1106 3588 neque
