2422 3840
97 158 159 222 186
196 157 243 214 VI.
266 156 399 214 OCTAVI
419 157 517 214 SAEC.
535 122 631 213 IURIS
650 157 827 214 CONSULT.
843 157 968 214 SERIES
987 159 1104 215 PRIMA

418 328 564 387 Familiae
587 329 778 386 aescendere.

182 436 234 502 59.
267 436 307 501 D.
326 437 378 521 32,
396 437 448 521 29,
463 437 492 502 2.
537 435 646 501 Labeo
668 437 753 502 libro
777 436 920 501 seeundo
942 437 1102 519 posterio-

94 547 165 588 rum
199 548 218 589 a
251 523 403 590 Iavoleno
437 526 686 608 epitomatorum
720 521 773 611 (P.
801 521 888 612 171).
943 523 1025 591 (ium
1058 526 1102 590 ita

95 614 239 697 legatum
263 619 360 696 esset,
388 618 425 678 ut
447 614 533 678 Titia
560 636 641 678 uxor
668 636 741 679 mea
763 614 952 679 tantandem
975 617 1101 697 partem

95 703 214 766 habeat
228 699 387 790 (capiatl)
408 703 596 787 quantulam
611 725 693 767 unus
707 703 809 786 heres,
829 703 857 767 si
872 723 939 766 non
953 704 1101 786 aequales

95 795 203 875 partes
228 795 336 855 essent
359 791 523 873 heredum,
547 791 684 867 Quintus
702 790 827 856 Mucius
850 794 884 856 et
907 789 1020 856 Gallus
1044 814 1101 875 pu-

95 881 210 944 tabant
231 880 406 944 maximam
425 884 549 965 partem
568 882 708 964 legatam
729 902 808 962 esse,
832 881 909 964 quia
927 881 961 944 in
981 880 1101 946 maiore

94 969 199 1032 minor
222 991 347 1053 qnoque
371 970 507 1054 inesset,
531 967 659 1033 Servius
684 968 799 1033 Ofilius
822 969 1002 1051 minimam,
1027 970 1101 1053 quia

94 1080 165 1122 cum
185 1057 279 1121 heres
298 1058 374 1122 dare
394 1057 566 1122 damnatus
585 1062 678 1142 esset,
696 1057 729 1120 in
744 1061 907 1142 potestate
921 1059 990 1121 eius
1010 1063 1101 1141 esset,

94 1168 189 1228 quam
216 1150 339 1230 partem
364 1147 462 1212 daret.

400 1320 446 1378 De
468 1321 632 1378 hereditatis
648 1278 794 1393 petitione.

182 1429 246 1494 60?
280 1427 318 1493 D.
337 1428 371 1510 5,
389 1429 424 1512 4,
443 1430 472 1493 9.
512 1427 633 1493 Paulus
658 1429 742 1494 libro
765 1431 864 1495 tertio
888 1430 1100 1513 epitomarum

93 1517 201 1581 Alfeni
220 1517 427 1601 Digestorum
449 1512 498 1602 (P.
512 1516 580 1603 48).
617 1515 698 1582 Oum
720 1518 815 1583 multi
832 1518 966 1583 heredes
987 1523 1100 1602 essent,

94 1627 131 1668 ex
150 1605 202 1669 his
226 1627 307 1669 unus
328 1605 362 1669 in
381 1607 463 1670 Asia
482 1612 564 1670 erat:
589 1607 657 1671 eius
676 1611 865 1690 procurator
883 1607 1099 1673 venditionem

93 1694 170 1759 fecit
199 1699 231 1758 et
257 1694 426 1777 pecuniam
460 1717 518 1778 pro
546 1700 638 1779 parte
667 1697 735 1760 eius
764 1696 956 1761 abstulerat:
989 1703 1100 1780 postea

93 1787 287 1866 apparuerat
310 1805 381 1847 eum
406 1783 459 1867 qui
483 1785 517 1847 in
537 1784 617 1848 Asia
640 1790 718 1867 erat,
741 1789 836 1849 antea
859 1784 1036 1850 decessisse
1055 1786 1099 1849 in-

94 1872 210 1935 stituto
235 1893 273 1936 ex
298 1875 389 1956 parte
414 1872 546 1936 dimidia
566 1872 682 1937 herede
701 1876 908 1958 procuratore
928 1894 987 1938 suo
1012 1877 1099 1938 etex

93 1965 185 2043 parte
209 1959 282 2025 alio.
324 1962 505 2045 quaesitum
529 1964 587 2046 est,
611 1961 879 2045 quemadmodum
901 1963 1040 2045 pecunia
1063 1984 1099 2026 ex

93 2049 269 2114 hereditate
297 2050 437 2133 petenda
464 2053 559 2114 esset.
604 2071 794 2135 responsum
823 2054 874 2114 est
902 2051 943 2114 ab
967 2072 1019 2132 eo,
1048 2052 1100 2135 qui

93 2144 284 2221 procurator
307 2140 375 2202 eius
399 2138 528 2219 fuisset,
553 2141 657 2203 totam
683 2139 938 2221 [hereditatem],
961 2139 1038 2222 quia
1062 2162 1098 2204 ex

93 2226 270 2291 hereditate
294 2249 333 2291 ea
355 2229 492 2309 pecunia
515 2225 643 2307 [fuisset
667 2226 762 2312 quae]
790 2228 830 2291 ad
858 2231 1098 2311 procuratorem

93 2337 131 2378 ex
163 2315 346 2380 venditione
382 2316 597 2401 pervenisset,
633 2320 744 2399 petere
777 2337 831 2380 eos
865 2319 1032 2399 oportere:
1068 2320 1098 2380 et

92 2404 194 2467 nihilo
219 2405 325 2467 minus
348 2407 473 2487 partem
498 2403 663 2470 dimidiam
688 2405 903 2486 [hereditatis]
928 2405 1097 2470 acchera

95 2491 186 2555 dibus
215 2493 291 2556 eius.
344 2493 390 2555 ita
417 2492 500 2573 fore,
532 2494 600 2557 sive
630 2493 735 2558 omnis
765 2516 804 2557 ea
834 2494 971 2578 pecunia
1003 2515 1098 2578 penes

94 2601 167 2643 eum
196 2581 250 2663 qui
278 2585 468 2663 procurator
491 2581 605 2646 fuisset
632 2581 802 2666 resideret,
831 2585 867 2646 ut
890 2603 1020 2647 ornnem
1044 2604 1098 2667 per

93 2667 230 2731 iudicem
255 2670 296 2732 ab
320 2669 431 2732 eodem
454 2676 691 2755 recuperarent,
718 2672 785 2736 sive
808 2671 836 2735 is
859 2674 986 2754 partem
1010 2671 1098 2735 dimi-

95 2755 179 2820 diam
204 2757 353 2821 coheredi
377 2780 433 2822 suo
453 2758 653 2844 reddidisset,
675 2761 779 2842 ipsum
800 2781 839 2823 ex
857 2759 990 2824 dimidia
1009 2765 1098 2845 parte

95 2847 188 2909 etex
212 2845 345 2909 dimidia
369 2846 540 2911 coheredes
564 2848 632 2912 eius
656 2847 913 2912 condemnarent.

181 2955 229 3014 An
253 2955 349 3014 Servii
372 2975 551 3032 responsum
575 2957 623 3036 sit,
646 2959 678 3016 in
701 2959 791 3017 dubio
814 2959 960 3036 relinquo.

417 3136 463 3193 De
486 3138 580 3208 operis
602 3137 775 3195 libertorum.

182 3246 233 3310 61.
252 3244 292 3309 D.
304 3245 355 3327 38,
368 3246 457 3324 aas.
485 3243 621 3309 Alfenus
631 3243 738 3310 Varus
752 3246 836 3310 libro
852 3247 991 3330 septimo
1004 3246 1101 3331 Dige-

94 3338 215 3398 storum
227 3334 275 3417 (P.
286 3331 352 3419 26).
380 3332 523 3398 Medicus
538 3333 682 3417 libertus,
697 3335 781 3418 quod
795 3339 934 3419 putaret,
950 3335 979 3400 si
992 3336 1100 3400 liberti

94 3426 143 3486 sui
168 3423 358 3485 medicinam
382 3444 446 3487 non
469 3421 620 3505 facerent,
646 3423 748 3487 multo
771 3423 881 3507 plnres
904 3423 1101 3506 imperantes

93 3511 154 3574 sibi
176 3511 377 3595 habiturum,
405 3510 606 3594 postulabat,
633 3513 670 3575 ut
696 3515 906 3595 sequerentur
934 3534 969 3576 se
996 3535 1102 3597 neque
