2422 3840
130 153 198 217 384
228 125 301 209 VID.
316 152 450 209 OCTAVI
464 150 562 208 SAEG.
571 151 668 207 IURIS
682 151 854 208 CONSULT.
866 151 990 207 SERIES
1005 152 1142 207 TERTIA

132 322 203 381 fam.
223 325 251 399 7,
271 313 337 401 21).
384 321 481 382 Servii
505 319 643 397 Ofiliique
667 321 845 381 sententiam
869 319 971 381 Cicero
995 321 1095 398 Topic.
1120 326 1141 381 4

132 411 239 470 tradit:
268 404 317 468 ‘si
345 429 381 469 66
409 410 517 469 mulier
540 413 752 469 testamentum
776 410 861 487 fecit,
889 429 966 486 quac
990 429 1020 469 se
1044 411 1143 487 capite

132 518 286 577 nunquam
310 499 459 575 diminuit,
482 517 541 558 non
564 499 689 558 videtur·
704 517 739 558 ex
757 498 855 558 edicto
872 499 1020 575 praetoris
1040 518 1141 558 secun·
1201 540 1203 545 -

131 589 205 648 dum
228 606 278 647 666
301 587 420 657 16111166
443 586 590 664 possessio
613 582 698 646 dari'.
739 625 742 630 -

222 677 381 736 Notabiles
404 694 460 754 res,
484 678 560 752 quae
584 675 761 750 aTrebatio
780 676 981 753 nominantur,
1005 676 1141 736 haesere

134 769 219 826 sunt:
256 765 372 825 Tiberis
404 764 572 840 abundans,
608 765 659 840 qui
691 782 738 823 res
770 764 882 823 multas
914 765 1081 824 multorum
1110 766 1143 824 in
1205 809 1207 816 .

134 855 233 914 aliena
254 853 390 913 aedificia
412 853 554 913 detulerit
577 845 625 929 (D.
647 855 697 927 39,
713 855 741 930 2,
762 855 790 929 9,
807 846 853 932 1),
879 851 982 929 Capua
1005 857 1036 913 et
1059 853 1143 913 aliud

133 943 330 1018 municipium
357 936 408 1018 (D.
434 944 489 1019 33,
514 944 568 1018 30,
589 934 638 1022 5),
670 942 776 1001 civitas
804 933 855 1021 (D.
874 945 930 1013 41,
951 934 1080 1021 1„41)‚
1110 943 1142 1000 in

134 1033 213 1092 bello
240 1031 314 1091 victi
340 1029 482 1090 Germani
509 1022 559 1109 (D.
579 1032 697 1103 49,15,
718 1021 787 1111 27),
819 1049 891 1108 ager
919 1025 1067 1090 ‘hostibus
1095 1031 1143 1090 de·

134 1121 222 1181 victis
250 1113 286 1179 66
313 1119 485 1179 condicione
514 1137 684 1196 concessus,
714 1122 749 1177 ut
776 1119 808 1177 in
835 1118 987 1179 civitatem
1014 1114 1147 1180 veniret',

37 1264 47 1291 ·,
136 1202 186 1290 (D.
196 1212 248 1282 41,
261 1201 288 1285 1,
300 1200 365 1291 16),
384 1210 503 1268 61611166
517 1226 700 1267 marmoreae
715 1199 968 1289 (11331001),
988 1205 1144 1267 Corinthia

134 1317 207 1358 1616
227 1304 257 1357 61
276 1316 385 1356 aeneae
404 1295 504 1376 βάσεις
523 1315 626 1356 eorum
644 1314 783 1356 vasorum
797 1296 1038 1356 collocandorum
1053 1315 1144 1356 causa

132 1389 258 1463 paratae
282 1378 331 1466 (D.
348 1387 398 1464 32,
419 1387 492 1461 100,
507 1377 551 1466 3),
573 1403 693 1444 11611666
717 1387 876 1462 argenteae
896 1376 945 1465 (D.
965 1387 1017 1463 44,
1033 1386 1062 1462 2,
1078 1378 1144 1464 20),

133 1476 252 1534 11166116
272 1468 321 1553 (D.
336 1477 388 1551 33,
404 1476 432 1550 6,
449 1466 567 1554 Ilipa),
588 1474 697 1550 pocula
717 1473 872 1551 oleaginea
887 1469 938 1552 (D.
954 1476 1005 1550 32,
1022 1475 1063 1534 30
1073 1466 1144 1555 pr),
1205 1470 1207 1475 ’

103 1618 105 1623 .
134 1564 306 1623 testudinea
330 1556 380 1643 (D.
400 1564 455 1641 32,
476 1565 553 1637 100,
572 1554 621 1643 4),
648 1563 719 1621 16611
746 1561 909 1622 testudinei
941 1562 1069 1638 pedibus
1099 1563 1144 1621 in-

134 1652 303 1728 argentatis
323 1647 373 1732 (D.
394 1653 445 1728 32,
466 1653 539 1729 100,
557 1645 602 1732 4),
625 1651 705 1710 dolia
727 1651 831 1709 fictilia
855 1654 885 1710 et
905 1651 1054 1727 plumbea,
1079 1652 1144 1728 qui-

77 1783 81 1790 .
135 1741 191 1800 bus
218 1744 301 1800 terra
327 1741 452 1818 adgesta
477 1743 523 1799 est
546 1740 630 1799 etin
652 1739 699 1798 his
721 1739 876 1799 viridiaria
898 1739 999 1817 posita
1022 1734 1072 1816 (D.
1094 1741 1145 1817 33,

121 1833 166 1906 ,7,
185 1824 250 1909 36),
272 1849 346 1890 1666
369 1848 461 1888 aenea
483 1829 618 1888 salientis
642 1846 737 1903 aquae
758 1828 857 1904 posita
875 1821 925 1908 (D.
943 1830 1060 1906 33,10,
1078 1820 1144 1910 11),

135 1919 238 1978 vinum
253 1917 463 1978 Surrentinum
476 1909 528 1999 (D.
544 1919 594 1994 33,
611 1910 775 1996 6,16ρ1.),
794 1921 913 1976 acetum
936 1917 1027 1976 mella
1050 1918 1144 1977 salsa·

136 2011 237 2066 menta
262 1999 311 2088 (D.
332 2009 383 2084 33,
404 2008 491 2082 opu,
511 2008 562 2083 33,
583 2009 611 2084 9,
626 2008 655 2083 3,
670 1997 714 2085 2),
733 2006 858 2065 deliciae
877 1999 927 2086 (D.
943 2008 994 2083 33,
1011 2007 1061 2090 10,
1079 1996 1145 2087 11),

40 2148 44 2155 .
134 2097 236 2155 uxoris
255 2097 342 2172 66111,
360 2095 463 2154 liberti
482 2098 512 2154 61
529 2097 652 2154 clientes
670 2086 722 2176 (D.
737 2096 787 2167 34,
803 2096 832 2170 3,
848 2096 899 2172 66,
915 2097 943 2152 1.
968 2097 996 2170 9,
1011 2096 1041 2170 3,
1057 2097 1085 2168 5,
1103 2089 1146 2176 1),

135 2186 231 2261 pistor
261 2187 365 2245 tonsor
396 2184 548 2242 molitores
579 2183 712 2242 familiae
743 2183 874 2242 rusticae
905 2201 996 2241 causa
1027 2183 1078 2242 161
1108 2183 1146 2242 ad

135 2292 224 2332 usum
264 2273 409 2332 rusticum
445 2272 545 2348 parati
581 2266 631 2353 (D.
657 2273 711 2344 33,
732 2273 760 2347 7,
786 2273 840 2347 12,
860 2261 908 2353 5),
949 2272 1147 2331 sterculinum

136 2362 283 2421 vendendi
305 2379 395 2420 661166
418 2362 623 2438 comparatum
647 2352 698 2441 (D.
719 2362 812 2437 19,1,
834 2363 884 2438 17,
899 2352 944 2440 2),
969 2360 1092 2438 figlinas
1115 2360 1147 2419 in

135 2450 228 2509 fundo
251 2450 372 2509 habitae
396 2452 427 2508 61
449 2447 543 2526 figuli,
567 2468 694 2526 quorum
718 2467 808 2524 opera
831 2449 942 2508 maiore
964 2453 1051 2524 parte
1075 2448 1148 2508 anni

137 2538 175 2597 ad
204 2545 279 2614 opu's
306 2538 451 2597 rusticum
477 2537 586 2612 aliquis
609 2539 705 2597 utitur
727 2529 778 2619 (D.
799 2539 849 2614 33,
865 2541 894 2613 7,
911 2539 964 2614 25,
980 2528 1028 2618 1),
1056 2537 1147 2596 fullo·

136 2629 219 2686 nicae
243 2627 394 2694 infundo,
416 2626 448 2684 in
467 2645 525 2703 quo
544 2644 623 2703 aqua
642 2626 747 2702 oritur,
770 2627 849 2694 61166
866 2627 965 2686 fontes
984 2625 1147 2686 institutae

153 2716 187 2776 6.
207 2718 259 2794 36,
275 2718 303 2789 6,
317 2719 390 2791 apr.
409 2761 415 2774 .

136 2707 151 2797 (
225 2804 309 2863 Inter
327 2707 426 2864 661616
443 2805 565 2882 negotia
583 2805 656 2864 haec
674 2804 880 2880 proferuntur:
898 2802 1047 2878 mancipia
1066 2802 1149 2878 apud

137 2913 208 2952 eum
234 2893 383 2970 deposita,
414 2893 498 2952 cuius
526 2893 604 2953 bona
631 2893 731 2951 emisti
759 2884 809 2972 (D.
829 2894 880 2965 41,
902 2894 951 2969 14,
971 2893 1000 2968 2,
1020 2886 1068 2972 7),
1099 2910 1148 2952 166

22 2999 25 3006 ·
138 2981 217 3058 apud
247 3001 368 3045 servum
397 2981 533 3058 deposita
563 2977 613 3059 (D.
634 2985 688 3059 16,
709 2984 741 3058 3,
762 2983 817 3059 21,
839 2972 885 3062 1),
921 2973 997 3039 61616
1027 2980 1149 3056 signata

137 3071 274 3151 deposita
297 3071 346 3149 (D.
367 3072 422 3148 16,
442 3072 471 3148 3,
491 3074 525 3145 1,
544 3063 616 3151 41),
642 3070 755 3130 dolium
778 3071 815 3128 ab
839 3072 971 3144 emptore
995 3068 1149 3144 signatum

139 3152 189 3238 (D.
216 3162 269 3239 18,
290 3162 323 3236 6,
344 3162 376 3237 1,
396 3152 444 3240 2),
476 3159 603 3235 pecunia
636 3177 721 3218 66116
755 3159 792 3217 ab
824 3147 933 3217 herede
965 3157 1003 3215 ad
1031 3158 1149 3234 negoti-

138 3248 248 3307 andum
272 3249 343 3307 data
367 3247 416 3326 (D.
437 3251 488 3325 40,
509 3252 536 3326 7,
557 3250 608 3324 39,
628 3240 676 3329 2),
704 3248 836 3324 pondera
862 3247 965 3322 iniqua
993 3265 1012 3304 6
1034 3246 1149 3306 sciente

138 3337 326 3396 commodata
359 3332 408 3414 (D.
428 3339 462 3414 4,
482 3340 515 3414 3,
537 3339 591 3414 18,
611 3332 658 3416 3),
695 3336 873 3395 vestimenta
901 3335 1059 3410 *interpola
1092 3355 1149 3410 pro

135 3425 223 3484 novis
244 3427 344 3500 empta
361 3417 479 3505 (D,18,
495 3430 522 3502 1,
538 3418 605 3505 45),
624 3425 738 3483 nummi
757 3424 850 3483 servis
868 3425 969 3483 uxoris
988 3423 1020 3481 in
1037 3424 1150 3483 166116-

121 3511 204 3570 rium
232 3515 298 3575 dati
323 3507 374 3599 (D.
397 3517 449 3594 24,
472 3517 502 3595 3,
521 3506 639 3596 66,1),
657 3513 798 3590 nicasius,
818 3513 871 3589 qui
893 3506 1058 3572 communis
1083 3516 1151 3573 6161
