2422 3840
16 126 18 130 ὗ
94 157 161 220 400
188 156 263 211 VIII.
278 155 410 230 COTAVI
425 154 522 210 SAEO.
531 155 629 211 IURIS
643 146 818 212 OONSULT.
830 155 953 210 snmus
967 155 1105 210 TERTIA

95 321 304 384 damnaverat
320 319 402 384 dare
426 319 518 384 uxori
541 341 617 384 snae
641 319 752 384 vinum
775 317 881 383 oleum
904 317 1105 385 frumentum

94 412 218 474 acetum
237 408 335 472 mella
354 409 559 473 salsamenta.
592 408 762 473 Trebatius
783 408 889 473 aiebat
908 429 947 471 ex
965 408 1106 492 singulis

93 499 190 562 rebus
208 519 274 562 non
293 498 432 582 amplius
447 497 566 581 deberi,
582 518 678 582 quam
694 500 851 581 quantum
863 496 957 560 heres
975 497 1105 561 mulieri

93 586 170 651 dare
193 586 358 664 voluisset,
382 585 535 670 quoniam
559 607 624 651 non
647 585 808 650 adiectum
829 589 923 669 essct,
947 589 1106 669 quantum

93 698 133 740 ex
155 696 281 761 quaque
303 696 339 739 re
362 673 501 739 daretur.

385 829 429 885 De
448 829 598 886 Ooriutbir's
615 831 688 886 ausis
706 831 809 900 lupatis.

185 932 236 996 13.
259 930 297 995 D.
317 932 370 1015 32,
390 931 462 1013 100,
481 932 511 996 3.
541 928 711 996 Iavolenus
733 929 810 994 ibid.
857 927 917 995 Oui
935 928 1107 997 Corinthia

94 1042 173 1084 vasa
210 1020 319 1104 legata
356 1023 478 1103 essent,
519 1039 629 1084 aeneos
664 1017 792 1101 βάσειςῙ
830 1041 957 1104 quoqne
993 1040 1106 1085 eorum

94 1130 245 1173 vasorum
276 1106 535 1173 collocandorum
563 1129 659 1172 causa
686 1113 820 1191 paratas
848 1108 966 1183 deberi¹
984 1108 1107 1174 Treba·

94 1198 160 1262 tius
184 1197 361 1280 respondIt.

298 1342 343 1398 De
357 1343 465 1412 poculo
483 1344 652 1412 oteapa‘aibue
662 1345 784 1413 'paribus
802 1345 905 1415 lepores.

187 1445 236 1522 14.
264 1443 303 1507 D.
322 1444 379 1528 32,
397 1443 440 1508 30
450 1466 498 1527 pr.
538 1444 646 1509 Labeo
675 1444 757 1508 libro
786 1445 925 1509 secundo
949 1447 1106 1530 posterio-

95 1555 168 1597 rum
192 1531 383 1597 aIavoleno
407 1533 655 1617 epitomatorem
674 1531 722 1616 (P.
740 1530 825 1620 172).
864 1533 927 1610 Qui
952 1539 1106 1618 quattuor

95 1622 212 1706 pocula
232 1621 398 1706 oleaginea
417 1620 568 1705 habebat,
586 1621 634 1685 ita
650 1621 786 1706 legavitz
804 1623 920 1706 pocula
934 1623 1107 1709 oleaginea

96 1710 185 1795 paria
207 1710 279 1775 duo,
315 1709 467 1793 respondi
486 1733 585 1774 unum
603 1732 664 1793 par
682 1711 827 1793 legatum
847 1732 925 1794 esse,
944 1711 1106 1797 quianon

96 1800 144 1863 ita
166 1802 264 1862 esset:
287 1798 365 1862 bina
386 1798 487 1884 paria,
510 1820 610 1882 neque
629 1799 688 1864 itu:
712 1799 900 1883 poculorum
920 1799 1015 1883 paria
1033 1800 1106 1867 duo.

96 1887 180 1952 idem
205 1891 238 1951 et
261 1886 441 1951 Trebatius,

432 2035 476 2090 De
493 2034 652 2091 testudineis
670 2037 772 2105 leontis.

186 2134 236 2200 15.
259 2134 298 2198 D.
313 2135 365 2219 32,
381 2135 454 2220 100,
467 2135 496 2200 4.
538 2134 711 2201 Iavolenus
732 2135 808 2200 ibid.
846 2134 905 2201 cui
923 2136 1106 2201 testudinea

97 2223 206 2307 legata
222 2226 339 2308 essent,
358 2223 387 2286 ei
407 2223 506 2288 lectos
526 2223 725 2289 testudineus
740 2224 875 2310 pedibus
889 2225 1106 2310 inargentatis

96 2311 204 2377 deberi
226 2311 335 2376 Labeo
359 2311 530 2378 Trebatius
554 2313 795 2398 responderunt.

453 2478 497 2532 De
510 2448 632 2547 peccata
651 2479 747 2548 tepula.
773 2535 783 2546 ,

188 2578 237 2641 16.
260 2576 298 2642 D.
314 2577 366 2654 35,
379 2578 406 2660 1,
420 2577 473 2662 40,
483 2577 513 2642 5.
554 2577 643 2642 Idem
663 2577 833 2643 Iavolenus
856 2578 941 2644 libro
966 2581 1106 2647 secundo

97 2688 135 2728 ex
163 2666 398 2748 posterioribus
425 2664 586 2731 Labeonis
611 2667 659 2752 (P.
680 2665 767 2752 186).
813 2667 971 2732 Thermus
1000 2671 1108 2735 minor

98 2775 234 2838 quorum
258 2755 418 2818 arbitratu
441 2763 685 2820 monumentum
709 2755 772 2820 sibi
794 2757 865 2820 fieri
888 2757 986 2821 vellet
1009 2761 1107 2824 teste·

97 2846 206 2906 mento
234 2843 419 2926 scripserat,
447 2844 560 2908 deinde
585 2846 632 2909 ita
653 2847 831 2929 legaverat:
859 2843 970 2909 ‘Lucio
993 2844 1108 2912 Publio

98 2929 276 2996 Corneliis²
300 2930 341 2995 ad
364 2936 607 2997 monumentum
631 2955 737 2998 meum
761 2932 995 2998 aedificandum
1019 2937 1108 3000 mille

96 3019 190 3083 heres
214 3041 304 3084 meus
329 3017 425 3085 dato'.
463 3019 634 3086 Trebatius
657 3021 826 3104 respondit
847 3043 908 3104 pro
930 3044 967 3087 eo
987 3023 1108 3089 haben·

97 3109 172 3172 dum
201 3130 238 3172 ac
266 3109 293 3173 si
320 3109 366 3173 ita
389 3108 533 3194 legatum
556 3116 655 3195 esset,
683 3111 709 3174 si
734 3110 977 3176 satisdedissent
1001 3135 1036 3177 se
1059 3114 1109 3179 ita

96 3196 129 3261 id
153 3200 396 3261 monumentum
422 3220 460 3262 ex
484 3220 521 3263 ea
543 3200 680 3284 pecunia
702 3198 856 3264 facturos,

188 3286 238 3350 17.
261 3284 299 3350 D.
315 3286 366 3370 32,
381 3286 433 3370 30,
443 3287 474 3351 2.
507 3287 615 3352 Labeo
636 3289 718 3351 libro
737 3287 875 3352 secundo
889 3290 1107 3373 posteriorum

97 3395 117 3436 a
145 3373 298 3438 Iauoleno
327 3375 576 3457 epitomutcrum
602 3374 652 3462 (P.
668 3373 754 3462 172).
800 3375 882 3442 Dum
910 3381 1107 3446 testamento

156 3527 170 3574 1
197 3522 249 3579 ΓΖ.
271 3523 411 3598 tubalcain.
508 3530 525 3580 2
547 3522 704 3581 FILuc'uis
719 3522 827 3577 Publiis
846 3522 991 3580 Corneliis.
