2422 3840
102 159 165 223 118
204 159 238 214 V.
261 158 406 214 SEPTIMI
421 158 520 214 SAEC.
534 157 630 213 lusis
646 157 820 214 CONSULT.
836 157 962 213 santus
977 157 1111 212 TERTIA

62 342 64 346 ’
97 329 191 389 verba
213 329 389 387 ostendunt:
413 321 587 402 ‘stipulatus
607 331 652 386 est
671 327 768 385 Aulus
786 326 926 405 Ageriae,
949 327 1110 402 spopondit

97 416 261 476 Numerius
289 410 458 494 Negidius'.
510 415 663 492 Aquillius
694 435 765 476 vero
795 416 957 476 formulam
983 415 1111 491 primam

96 506 144 564 ita
175 506 238 564 fere
271 505 431 565 conclusit:
468 498 596 564 ‘tautam
632 504 790 580 pecuniam
821 505 893 563 dare
925 505 1110 580 Spondesne?

98 587 253 670 spondeo'.
294 594 431 654 secunda.
445 594 577 653 formula
599 593 670 652 talis
691 594 753 652 fere
773 595 849 654 erat:
875 588 1111 670 ‘quidquidtibi

97 682 187 742 hodie
211 683 374 760 spopondi,
397 683 528 741 habesne
551 681 727 759 aooeptum'?
772 681 866 741 habeo
890 677 1068 757 aceeptum'.

186 793 217 856 3.
244 791 284 857 D.
303 793 357 877 28,
371 793 402 876 2,
415 792 517 877 29pr.
554 789 708 857 Scaevola
726 792 809 857 libro
829 795 921 857 sexto
940 789 1109 867 Quaestio·

96 903 175 945 num
186 877 236 967 (P
249 878 337 968 157).
361 880 473 944 Gallus
488 882 534 945 sio
548 902 643 963 posse
658 881 785 945 institui
793 884 964 965 postumus
975 885 1109 966 nepotes

97 969 238 1034 induxit:
261 969 302 1033 ‘si
324 969 412 1034 filius
434 990 523 1033 meus
541 970 615 1034 vivo
634 991 685 1033 me
705 970 868 1055 morietur,
890 973 969 1034 tune
988 970 1018 1034 si
1037 969 1108 1054 quis

97 1058 179 1123 mihi
202 1080 241 1123 ex
260 1080 298 1122 eo
318 1079 420 1141 nepos
440 1058 507 1122 sive
526 1078 607 1141 quae
625 1058 733 1141 neptis
752 1060 987 1143 postmortem
1005 1079 1110 1123 meam

97 1148 133 1211 in
157 1147 265 1212 desem
284 1147 451 1211 mensibus
469 1146 634 1231 proximis,
658 1147 776 1232 quibus
794 1145 880 1211 filius
899 1168 990 1212 meus
1010 1169 1110 1212 more

96 1240 199 1317 retur,
221 1239 318 1300 natus
341 1239 421 1300 nata
443 1236 518 1319 erit,
540 1235 675 1300 heredes
700 1234 818 1301 sunto'.

188 1353 304 1430 1ϋίᾱῇ
324 1359 352 1415 2.
397 1355 483 1415 Idem
505 1355 683 1415 eredendum
708 1359 754 1416 est
777 1354 900 1434 Gallum
923 1357 1109 1417 existimasse
1142 1424 1147 1434 ‚

96 1448 129 1505 et
156 1445 192 1503 de
219 1447 399 1521 pronepote,
427 1446 463 1503 ut
490 1445 571 1506 dieat
597 1448 738 1504 testator:
771 1439 817 1504 ‘si
843 1464 890 1504 me
918 1445 987 1506 vivo
1018 1465 1109 1523 nepos

96 1533 231 1612 decedat,
254 1536 327 1592 tune
349 1533 401 1610 qui
419 1553 455 1592 ex
474 1553 508 1593 eo
526 1527 686 1610 pronepos’
706 1537 737 1594 et
755 1537 863 1596 uetera.
905 1535 942 1592 of.
960 1534 998 1595 D.
1015 1536 1066 1610 28,
1082 1538 1109 1612 6,

96 1625 198 1696 33,1.
244 1622 405 1682 Africanus
431 1622 509 1682 libro
537 1624 666 1682 seeundo
695 1621 920 1692 Quaestionum.
967 1623 1000 1682 si
1028 1623 1109 1682 filius

95 1713 127 1770 et
158 1730 194 1769 ex
226 1729 261 1770 eo
293 1730 385 1788 nepos
417 1715 575 1787 postumus
605 1712 649 1770 ita
677 1712 800 1772 heredes
828 1711 1041 1789 instituantur,
1074 1716 1109 1772 ut

94 1799 181 1860 Gallo
204 1800 337 1876 Aquillio
360 1801 475 1876 placuit

463 2031 518 2090 ΙΠ.
545 2030 738 2106 Responsa.

183 2163 285 2224 Cicero
318 2184 372 2241 pro
405 2165 501 2223 Balbo
530 2166 581 2223 20.
632 2158 786 2223 ...‘nos
819 2163 855 2222 de
888 2182 967 2241 aqua
1004 2168 1109 2225 nostra

95 2252 266 2313 Tusculana
293 2253 332 2312 M.
352 2253 519 2330 Tugionem
547 2252 649 2326 potius
677 2271 768 2328 quam
791 2249 821 2311 O.
840 2252 1011 2328 Aquillium
1039 2273 1107 2313 con-

94 2342 275 2419 sulebamus,
293 2340 374 2417 quod
392 2340 533 2399 assiduus
551 2359 624 2399 usus
644 2342 696 2399 uni
714 2341 759 2400 rei
776 2339 894 2400 deditus
909 2344 940 2400 et
953 2341 1108 2419 ingenium

95 2432 126 2488 et
148 2432 245 2489 artem
268 2447 356 2504 saepe
379 2429 474 2488 vineit
492 2473 499 2488 .
514 2475 520 2487 .
536 2424 555 2485 .’

184 2538 226 2602 1⁸.
259 2535 323 2602 Cio.
348 2538 386 2602 de
412 2539 463 2604 off.
487 2539 517 2623 3,
535 2539 588 2603 60.
617 2575 658 2584 -
687 2537 769 2604 Cum
799 2562 837 2604 ex
866 2562 903 2606 eo
929 2538 1107 2626 (Aquilliol

95 2630 301 2712 quaereretur
324 2627 399 2710 quid
424 2632 509 2692 esset
532 2627 625 2692 dolus
645 2628 759 2711 melus,
782 2629 1009 2713 respondebat,
1033 2652 1107 2695 uum

94 2718 181 2779 esset
205 2715 290 2779 aliud
315 2715 513 2800 simulatum,
536 2717 623 2781 aliud
646 2721 763 2782 aetum.

185 2799 228 2868 1¹³.
261 2802 325 2869 Cio.
345 2804 384 2868 de
402 2809 468 2869 nat.
486 2806 571 2871 deor.
592 2808 620 2884 3,
642 2807 693 2870 14.
706 2843 751 2851 —-
765 2804 867 2880 Quem
891 2807 1000 2871 dolum
1024 2804 1108 2892 (me-

92 2887 176 2978 lum)
203 2892 289 2956 idem
311 2891 473 2977 Aquillius
501 2898 570 2958 tum
597 2895 700 2958 teneri
723 2898 831 2979 putat,
854 2917 927 2960 cum
951 2895 1040 2960 uliud
1064 2897 1107 2962 sit

93 2980 296 3062 simulatum,
320 2982 408 3047 aliud
432 2987 549 3047 astum.

155 3072 212 3174 ¹2.
245 3071 283 3135 D.
303 3070 359 3154 50,
383 3071 436 3155 16,
457 3074 507 3174 ll.
546 3070 635 3136 Idem
660 3068 810 3158 (Peulus)
838 3073 924 3140 libro
953 3075 1108 3177 quinquo·

93 3157 905 3334 {ssiliirffliids‹littufflllftlfflaitltiffl
920 3163 1107 3336 lfltttl,

94 3335 239 3402 Iulianus
259 3337 381 3403 scribit.
409 3338 519 3421 fruges
539 3360 650 3403 omnes
664 3338 758 3423 (res)
774 3361 852 3421 esse,
872 3339 988 3423 quibus
1006 3340 1105 3405 homo

93 3429 255 3508 vescatur,
282 3426 401 3490 falsum
431 3449 500 3491 esse
519 3475 527 3492 .
546 3475 554 3490 .
575 3480 581 3492 .
600 3427 798 3492 frumentum
826 3431 935 3492 autem
964 3429 998 3493 id
1026 3450 1106 3511 esse,

94 3514 179 3594 quod
203 3515 303 3578 ariste
327 3537 360 3578 se
383 3518 506 3599 teneat,
529 3519 615 3579 recte
639 3515 766 3583 Gallum
791 3517 950 3582 definisse.
