2422 3840
276 179 301 231 ’1.
327 176 360 242 Q.
378 175 514 232 MUGIUS
532 175 563 234 P.
577 178 608 233 F.
622 177 651 232 P.
666 177 701 233 N.
716 176 906 232 SCAEVOLA
1033 177 1094 242 101

77 344 214 422 expulsis
237 344 379 405 hostibus
402 363 438 404 ax
460 345 541 422 agris
564 364 640 422 quos
663 345 813 421 ceperint,
836 344 969 405 dominia
992 365 1096 406 eorum

78 434 118 493 ad
144 433 264 510 priores
287 433 422 493 dominos
445 433 542 493 redire
565 453 620 494 nec
643 437 696 493 aut
719 434 868 510 publicari
891 441 946 494 aut
967 436 1097 510 praedae

76 523 144 583 loco
176 521 296 582 cadere:
328 523 501 596 publicatur
529 523 608 581 enim
634 523 687 582 1111
716 541 788 600 ager
815 523 866 600 qui
895 542 931 582 ex
958 525 1097 584 hostibus

77 614 188 688 captus
213 605 273 670 est'
296 605 346 689 (Ι).
365 613 421 686 49,
443 613 497 687 15,
518 603 584 693 20).

169 700 313 760 Fortasse
339 699 557 777 fragmentum,
584 700 664 777 quod
692 700 729 758 do
757 700 865 776 capitis
893 700 1096 760 deminutione

78 789 213 848 maxima
241 792 288 848 111
315 789 350 849 D.
374 792 426 865 40,
447 791 497 866 12,
518 791 615 864 23pr.
643 783 749 869 (supra
772 810 801 866 p.
823 783 892 869 94),
923 790 993 848 huic
1019 789 1096 848 libro

79 877 318 938 adtribuendum
341 882 396 939 111.

266 1106 377 1166 Plano
400 1108 561 1168 incertae
585 1108 681 1168 sedis
704 1109 916 1186 fragmenta.

174 1228 203 1291 1.
226 1225 267 1292 D.
285 1226 344 1309 39,
367 1227 402 1309 3,
424 1229 442 1290 1
467 1229 508 1308 ἐξ
528 1227 557 1291 3.
576 1228 606 1290 4.
652 1225 813 1310 Ulpianus
836 1227 919 1291 libro
944 1226 1099 1311 quinqua-

83 1315 234 1402 gensimo
248 1315 348 1380 tertio
363 1316 402 1379 ad
417 1315 558 1380 edictum
573 1314 622 1402 (P.
635 1314 744 1403 1285).
773 1314 821 1380 De
836 1338 873 1380 11
889 1337 995 1399 opere,
1014 1314 1100 1400 quod

84 1405 158 1490 agri
183 1403 312 1468 colendi
336 1425 432 1468 causa
455 1408 563 1469 aratro
587 1404 710 1470 factum
734 1405 790 1487 sit,
814 1404 952 1486 Quintus
974 1403 1100 1469 Mucius

84 1497 133 1558 ait
155 1515 223 1558 non
246 1496 428 1577 competere
451 1492 535 1558 hanc
559 1494 720 1558 actionem
818 1493 923 1558 fossas
946 1514 1100 1578 agrorum

86 1581 314 1648 siccandorum
349 1603 444 1646 causa
476 1582 580 1647 factas
612 1582 738 1647 Mucius
770 1583 819 1647 ait
849 1582 942 1647 fundi
975 1583 1101 1648 colandi

84 1692 183 1736 causa
215 1670 302 1753 fieri,
338 1692 404 1735 non
436 1675 544 1735 tamen
577 1679 724 1756 oportere
757 1671 964 1735 corrivandae
997 1693 1099 1755 aquae

85 1781 184 1825 causa
217 1759 303 1824 fieri:
335 1760 381 1825 sio
409 1759 495 1823 enim
523 1759 638 1824 debere
667 1782 763 1845 quem
790 1760 956 1824 meliorem
984 1781 1099 1844 agrum

84 1870 180 1913 suum
204 1847 323 1928 facere,
345 1869 386 1911 ne
409 1848 508 1913 vicini
532 1848 725 1913 deteriorem
748 1848 854 1912 faciat.

174 1938 206 2002 2.
229 1936 269 2001 D.
287 1937 344 2019 43,
363 1938 420 2022 24,
441 1939 474 2020 1,
493 1936 523 2002 5.
568 1935 730 2020 Ulpianus
753 1936 835 2000 libro
860 1937 1100 2021 septuagesimo

83 2026 190 2110 primo
214 2025 254 2089 ad
273 2025 412 2091 edictum
433 2021 484 2112 (P.
502 2023 611 2112 1592).
648 2025 681 2089 11
699 2025 822 2089 factum
840 2024 942 2088 uideri
961 2023 1100 2100 Quintus

84 2114 212 2179 Mucius
227 2114 364 2197 scripsit,
380 2114 494 2198 siquis
509 2118 623 2179 contra
639 2136 735 2198 quam
745 2113 971 2198 prohiberetur
981 2111 1100 2177 fecerit.

177 2203 207 2269 3.
230 2201 271 2267 D.
289 2203 346 2286 43,
365 2202 422 2286 24,
442 2202 471 2287 5,
491 2203 519 2268 8.
566 2201 727 2285 Ulpianus
752 2201 836 2266 libro
861 2201 1102 2286 septuagesimo

83 2290 237 2376 (primo)
265 2292 305 2355 ad
331 2290 471 2356 edictum
494 2289 544 2377 (P.
565 2292 672 2371 1593).
713 2291 803 2356 Haec
826 2291 925 2355 verba
949 2289 1046 2374 ‘quod
1069 2291 1102 2354 11

85 2385 142 2445 aut
161 2381 246 2445 clam
266 2379 387 2444 factum
411 2379 481 2463 est',
505 2381 551 2443 ait
567 2380 695 2445 Mucius
719 2381 766 2445 ita
785 2402 855 2444 1111
874 2379 972 2463 tquod
990 2383 1027 2443 tu
1047 2382 1103 2442 aut

86 2473 220 2534 tuorum
244 2469 315 2553 quis
339 2472 395 2532 aut
417 2472 474 2534 tuo
497 2470 588 2534 iussu
610 2469 732 2533 factum
757 2468 827 2534 111.

175 2559 207 2621 4.
230 2556 269 2621 D.
290 2558 340 2641 17,
361 2560 388 2642 1,
406 2558 460 2622 48.
498 2555 611 2622 Celsus
630 2558 714 2623 libro
734 2559 872 2642 septimo
893 2555 1102 2641 Digestorum

86 2645 134 2730 (P.
159 2642 227 2732 68).
279 2644 418 2721 Quintus
447 2645 572 2711 Mucius
601 2645 757 2711 Scaevola
790 2646 848 2729 ait,
882 2647 909 2709 si
940 2645 1012 2730 quis
1041 2646 1102 2710 sub

85 2734 193 2799 usuris
213 2733 370 2799 creditam
388 2735 558 2819 pecuniam
574 2735 787 2800 fideiussisset
800 2739 832 2798 11
846 2756 919 2798 reus
933 2735 967 2798 iu
981 2734 1101 2799 iudicio

87 2825 263 2889 conuentus
299 2845 370 2888 cum
403 2844 552 2887 recusare
584 2824 682 2888 111111
714 2825 773 2888 sub
807 2824 914 2887 usuris
946 2822 1101 2888 creditam

87 2933 156 2978 esse
175 2911 347 2997 pecuniam
367 2916 400 2976 11
417 2911 586 2977 fideiussor
604 2913 757 2977 solvendo
776 2934 890 2976 usuras
905 2915 1101 2996 potestatem

86 2999 257 3066 recusandi
276 3022 331 3064 cas
349 3022 404 3065 reo
425 3001 620 3082 sustulisset,
644 3023 714 3065 eam
734 3001 903 3084 pecuniam
923 3023 941 3063 a
960 3021 1014 3063 reo
1034 3021 1100 3063 non

87 3091 277 3174 petiturum.
327 3090 382 3153 sed
416 3091 444 3152 si
475 3112 549 3154 reus
581 3089 763 3154 fideiussori
796 3089 1030 3170 denuntiasset,
1064 3090 1101 3150 ut

88 3183 253 3243 recusaret
275 3178 336 3242 sub
358 3179 465 3242 usuris
486 3179 627 3243 debitam
647 3200 716 3242 esse
735 3200 794 3242 nec
813 3179 841 3241 is
859 3180 992 3261 propter
1011 3195 1101 3238 suam

89 3267 361 3332 existimationem
388 3287 536 3330 recusare
563 3268 734 3349 1111111111,
768 3266 853 3351 quod
881 3266 928 3328 ita
956 3263 1101 3347 solverit,

90 3378 107 3418 a
127 3378 184 3421 reo
207 3355 394 3440 petiturum.

176 3449 378 3509 Tribonianus
403 3448 481 3509 Celsi
507 3450 600 3508 verba
626 3469 686 3508 non
713 3448 833 3508 uidetur
859 3447 925 3522 ipsa
951 3445 1100 3506 exhibere.

90 3536 1121 3614 Lenelprofideiussorefidepromissoremnominatumiuisseputat.
