2422 3840
90 145 112 207 4
269 144 289 197 1.
314 143 440 208 QUINTI
460 143 611 198 SAECULI
630 144 725 198 lURlS
745 143 926 199 CONSULTI

181 313 255 372 Erat
287 331 357 390 ergo
390 312 415 370 is
443 312 519 370 liber
546 314 672 372 fortasse
701 312 815 387 primus
845 312 876 371 in
903 311 1013 370 litteris
1041 313 1100 372 Ro-

91 402 186 461 manis
224 402 259 460 de
296 402 368 459 iure.
427 401 462 459 de
499 400 633 478 Papirio,
670 421 758 476 quem
794 401 924 476 primum
961 401 996 458 de
1034 401 1099 460 iure

92 490 245 566 scripsisse
265 493 334 548 sunt
352 490 404 566 qui
423 489 532 561 dicant,
556 508 581 550 e.
600 509 644 567 gr.
664 488 763 567 Georg
781 489 829 547 Fr.
844 489 947 565 Unger
965 481 1098 570 (Handb.

92 580 144 638 der
164 579 248 638 class.
268 578 606 637 Altertumswissensch.
621 578 637 636 I
653 569 740 659 799),
761 577 949 655 cf.Kruege1·
967 598 995 653 p.
1011 580 1098 637 4-6

91 671 122 726 et
145 684 222 744 quae
245 668 308 743 ipse
332 667 411 725 infra
435 666 603 742 disputabo,

181 755 266 826 Quod
289 774 359 814 vero
383 755 496 830 primus
519 755 545 814 is
568 754 645 813 liber
666 774 726 814 non
748 757 846 814 totum
868 755 916 814 ius
939 755 1099 830 amplecte-

91 845 182 904 batur
205 845 257 904 sed
280 844 463 921 singularem
487 844 636 919 quandam
659 863 722 903 rem
745 843 904 920 tractabat,
930 845 986 904 hoc
1008 847 1099 902 natu-

91 953 156 992 ram
183 934 228 992 rei
256 934 298 992 sic
325 931 455 990 arbitror
481 932 597 991 tulisse.
642 933 858 1007 comparandae
887 935 958 991 sunt
983 933 1100 992 Manilii

92 1023 241 1081 venalium
268 1021 490 1080 vendendorum
519 1021 602 1099 leges
629 1024 660 1079 et
684 1020 779 1081 Servii
810 1022 845 1080 de
872 1021 991 1080 dotibus
1014 1021 1099 1080 liber.

181 1110 402 1188 Argumentum
425 1109 495 1168 libri
518 1112 549 1168 et
571 1109 689 1169 nomine
709 1109 860 1170 indicatur
879 1113 909 1169 et
927 1110 1101 1169 illustratur

92 1202 154 1258 tam
187 1199 380 1276 Digestorum
406 1200 463 1272 41,
492 1200 511 1257 3
546 1198 667 1258 rubrica
703 1193 751 1257 ‘de
787 1198 1033 1274 usurpationibus
1070 1201 1101 1257 et

92 1281 336 1362 usucapionibus'
364 1305 453 1361 quam
477 1287 593 1346 Neruae
621 1287 676 1345 filii
699 1288 735 1346 de
757 1287 990 1363 usucapionibus
1014 1286 1100 1346 libris

94 1368 290 1457 (Papinianus
313 1369 348 1435 D.
367 1377 420 1453 41,
439 1378 467 1452 2,
486 1367 553 1454 47).
594 1375 758 1451 Usurpatio
781 1379 828 1435 est
850 1376 955 1436 modus
978 1375 1101 1451 quidam

92 1466 141 1523 ius
179 1464 385 1541 conservandi,
422 1483 511 1539 quem
541 1463 689 1540 Ulpianus
722 1465 830 1523 summi
862 1464 1005 1524 momenti
1036 1482 1101 1523 esse

95 1553 220 1629 iudicat,
254 1571 322 1611 cum
354 1553 386 1610 in
417 1552 661 1612 Institutionibus
693 1555 790 1612 totum
823 1553 869 1612 ius
901 1557 955 1612 aut
986 1553 1017 1611 in
1049 1553 1100 1612 ad·

93 1641 238 1719 quirendo
257 1643 311 1699 aut
328 1641 360 1699 in
378 1641 537 1700 minuendo
558 1644 611 1700 aut
628 1642 664 1699 in
678 1643 923 1701 conservando
938 1642 1101 1702 consistere

93 1731 186 1805 dicat,
218 1733 272 1788 aut
301 1729 379 1788 enim
407 1731 463 1789 hoc
490 1729 553 1808 agi,
581 1730 829 1804 quemadmodum
856 1731 927 1805 quid
956 1730 1101 1807 cuiusque

92 1819 146 1877 fiat
174 1821 227 1876 aut
254 1819 401 1894 quomodo
430 1818 497 1893 quis
525 1818 636 1878 alienet
663 1822 717 1877 aut
740 1819 873 1894 amittat,
901 1822 955 1877 aut
983 1813 1100 1894 ‘quern

93 1908 135 1967 ad
157 1907 294 1966 modum
317 1926 390 1965 rem
413 1907 471 1967 val
489 1908 545 1966 ius
565 1926 666 1966 suum
685 1901 890 1967 conservet'
909 1909 944 1967 D.
962 1911 989 1983 1,
1004 1910 1033 1983 3,
1049 1910 1101 1967 41.

92 1996 193 2073 itaque
213 1995 472 2070 Hermogenianus
494 1997 605 2055 tutoris
628 1996 759 2055 officium
781 2014 845 2055 esse
868 1997 919 2072 ait,
944 1997 1100 2073 usucapio·

93 2105 146 2144 nes
183 2085 374 2159 interpellare
410 2103 444 2142 ac
480 2104 517 2143 ne
549 2084 699 2144 debitores
731 2085 908 2162 liberentur,
945 2085 1102 2160 providere

93 2175 129 2232 D.
150 2176 200 2250 50,
220 2176 249 2250 4,
271 2176 286 2231 1
308 2171 371 2248 54.
413 2172 544 2230 actiones
567 2191 643 2249 quae
666 2173 724 2232 huc
741 2174 904 2249 pertinent,
928 2174 1101 2233 cautionum

93 2262 125 2320 in
152 2280 275 2319 nurnero
305 2264 388 2336 sunt,
417 2278 490 2336 quas
518 2278 683 2337 proponere
710 2262 785 2321 iuris
812 2262 940 2322 consulti
966 2266 1023 2340 est,
1052 2257 1101 2322 ‘ne

95 2350 279 2408 consultores
309 2342 476 2424 capiantur'
500 2347 603 2408 Oicero
626 2368 680 2425 pro
703 2351 778 2410 Mur.
799 2353 849 2411 22,
896 2351 977 2410 Talis
1001 2353 1101 2413 cautio

94 2446 140 2497 est
178 2436 275 2513 operis
312 2437 382 2496 novi
417 2438 580 2513 nuntiatio,
616 2457 693 2514 quae
730 2433 776 2498 ‘fir
811 2442 865 2498 aut
896 2439 971 2498 iuris
1004 2442 1102 2500 nostri

94 2525 290 2585 conservandi
338 2544 427 2584 causa
471 2529 525 2585 aut
570 2527 671 2585 damni
715 2528 885 2604 depellendi
909 2576 914 2587 .
934 2575 939 2587 .
960 2572 967 2586 .
989 2525 1101 2604 gratia'

95 2615 129 2674 D.
146 2617 197 2692 49,
214 2619 242 2688 1,
259 2619 273 2671 1
292 2611 312 2687 ἓ
329 2616 383 2691 16,
401 2614 478 2673 tales
497 2615 650 2674 cautiones
669 2622 739 2675 sunt
753 2616 844 2675 etiam
859 2609 1102 2694 ‘usurpationes',

95 2722 171 2780 (puae
204 2701 368 2762 dominium
400 2705 454 2761 aut
480 2704 610 2778 patriam
637 2707 814 2780 potestatem
844 2708 898 2763 aut
925 2705 1102 2764 servitutem

96 2793 137 2849 sic
174 2796 351 2850 conservant
386 2792 435 2851 vel
470 2794 614 2867 retinent,
651 2795 686 2851 ut
717 2796 771 2851 aut
802 2794 945 2869 usucapio
975 2795 1101 2855 alterius

94 2879 333 2955 interrumpatur
356 2884 409 2939 aut
432 2900 492 2940 non
514 2881 618 2940 utendi
641 2882 763 2941 effectus
786 2882 929 2940 deleatur.

183 2967 218 3025 In
252 2968 444 3044 Digestorum
476 2970 565 3030 titulo
599 2973 631 3046 8,
657 2973 674 3028 6
710 2964 975 3047 ‘quemadmodum
1009 2973 1102 3032 servi-

94 3060 175 3115 tutes
203 3051 399 3116 amittuntur’
425 3058 520 3117 Servii
545 3051 579 3138 (1.
601 3051 648 3139 7),
676 3058 822 3118 Labeonis
847 3051 971 3140 (1.17),
999 3059 1103 3119 Sabim

95 3137 129 3224 (1.
150 3147 196 3221 2),
219 3145 337 3205 Proculi
361 3138 394 3225 (l.
416 3137 481 3226 16),
505 3145 600 3205 Cassii
623 3138 657 3227 (l.
678 3139 722 3227 2),
745 3148 878 3207 Iauoleni
901 3141 936 3230 (l.
957 3140 999 3229 9),
1023 3148 1102 3209 Celsi

94 3225 128 3313 (1.
149 3236 182 3311 6)
209 3235 373 3293 sententiae
396 3236 605 3310 proferuntur,
632 3236 881 3312 quemadmodum
905 3238 1033 3296 servitus
1056 3259 1102 3298 re·

94 3323 227 3381 tinuatur
254 3324 303 3383 vel
329 3326 540 3400 usurpetur,
568 3324 737 3398 specialiter
762 3328 910 3402 quomodo
934 3345 986 3401 per
1010 3327 1100 3385 alium

95 3411 235 3486 usurpari
268 3412 362 3486 possit
395 3408 564 3487 (Proculusz
599 3407 751 3472 ‘existimo
779 3434 848 3473 eum
874 3415 921 3474 ius
950 3416 1101 3474 ducendae

96 3518 191 3575 aquae
224 3499 358 3558 amisisse
390 3517 444 3557 nec
475 3518 529 3574 per
560 3503 674 3560 ceteros
706 3503 758 3579 qui
786 3503 936 3562 duxerunt
963 3504 1027 3562 eius
1055 3506 1101 3565 ius
