2422 3840
310 171 335 223 8.
361 164 514 222 SERVIUS
533 165 716 223 SULPICIUS
735 167 855 223 RUFUS
1022 168 1088 233 203

84 335 178 412 ipsum
205 334 382 395 Africanum
408 335 609 396 inveniuntur.
659 336 751 395 verba
778 340 910 396 extrema
937 357 955 396 a
983 338 1087 398 Tribo-

83 425 167 484 niano
191 423 297 484 addita
318 423 466 483 videntur.
511 425 546 483 cf.
571 424 668 484 Eisele
692 425 805 486 Archiv
829 429 846 483 7
851 429 879 501 9,
899 427 1003 486 376ff.

169 517 243 581 114.
275 516 314 581 Ι).
336 516 386 599 19,
399 518 429 600 2,
451 516 500 599 15,
514 517 543 581 2.
588 515 678 581 Idem
702 514 892 604 (Ulpianus)
919 518 1003 582 libro
1030 520 1086 583 tri-

83 605 204 690 gesimo
228 604 368 670 seeundo
397 604 436 668 ad
461 605 602 669 edictum
626 603 676 692 (P.
695 604 783 690 949).
829 603 863 669 Si
891 605 939 670 ris
967 611 1087 690 tempe·

84 695 176 759 statis
210 694 418 758 calamitosae
450 693 638 778 contigerit,
671 716 712 758 an
744 694 869 759 locator
901 695 1087 761 conductori

81 783 202 868 aliquid
229 786 394 867 praestare
421 783 551 865 debeat,
578 781 755 847 rideamus.
802 781 933 848 Servius
957 806 1085 849 omnem

81 873 155 957 vim,
177 872 230 936 cui
248 871 356 937 resisti
374 893 440 935 non
459 875 577 955 potest,
601 870 766 936 dominum
787 872 902 937 colono
922 876 1087 955 praestare

81 960 195 1025 debere
223 960 283 1045 ait,
310 965 347 1024 ut
374 964 453 1044 puta
475 958 644 1024 fluminum
668 962 872 1045 graculorum
900 966 1085 1027 sturnorum

81 1052 111 1113 et
138 1050 168 1114 si
197 1048 274 1132 quid
302 1049 408 1114 simile
437 1049 603 1132 acciderit,
636 1055 692 1112 aut
719 1049 748 1113 si
771 1050 918 1114 incursus
943 1050 1085 1115 hostiurn

80 1138 147 1202 fiat:
187 1138 216 1202 si
248 1158 312 1221 qua
342 1140 451 1202 tamen
478 1137 560 1202 vitia
588 1159 627 1201 ex
654 1138 726 1221 ipsu
753 1159 787 1201 re
815 1138 976 1222 oriantur,
1007 1139 1087 1204 haec

80 1226 197 1290 damno
216 1225 323 1291 coloni
342 1247 422 1310 esse,
444 1226 546 1290 veluti
564 1226 591 1289 si
610 1225 721 1290 vinum
741 1227 911 1308 coemerit,
934 1228 961 1291 si
980 1229 1085 1292 raucis

80 1319 134 1380 aut
165 1314 278 1378 herbis
307 1318 433 1400 segetes
462 1317 632 1398 corruptae
661 1315 734 1379 sint.
790 1316 845 1380 sed
873 1321 906 1380 et
938 1317 967 1380 si
994 1316 1085 1381 labes

79 1403 162 1468 facta
191 1405 234 1468 sit
264 1424 456 1488 omnemque
480 1404 618 1468 fructum
642 1404 771 1487 tulerit,
804 1405 955 1469 damnum
979 1406 1086 1470 coloni

79 1513 141 1557 non
165 1513 247 1574 esse,
268 1513 309 1556 ne
333 1514 430 1575 supra
453 1491 607 1556 damnum
632 1493 763 1557 seminis
788 1493 900 1558 amissi
923 1494 1085 1559 mercedes

79 1580 147 1666 agri
170 1585 338 1664 praestare
361 1583 506 1665 cogatur.
543 1581 599 1645 sed
618 1586 651 1644 et
670 1582 697 1645 si
714 1582 814 1646 uredo
833 1582 974 1647 fructum
995 1583 1085 1648 oleae

78 1670 257 1754 corruperit
284 1673 342 1733 aut
368 1669 447 1734 solis
470 1668 597 1734 fervore
623 1692 689 1734 non
712 1668 845 1736 adsueto
867 1672 900 1735 id
924 1672 1086 1756 acciderit,

78 1759 231 1823 damnum
254 1758 376 1822 domini
399 1757 556 1822 futurum:
581 1759 609 1822 si
633 1780 708 1823 vero
733 1759 815 1822 nihil
839 1763 930 1825 extra
953 1782 1086 1825 consue·

78 1847 224 1911 tudinem
248 1846 411 1926 acciderit,
436 1846 589 1911 damnum
613 1846 720 1911 coloni
744 1868 822 1911 esse.
868 1848 1014 1931 idemque
1038 1849 1084 1913 di-

77 1936 222 2016 cendum,
245 1935 273 2000 si
296 1938 454 2000 exercitus
477 1936 676 2018 praeteriens
699 1956 756 2018 per
776 1935 943 1999 lasciviam
963 1937 1084 2019 aliquid

77 2024 222 2089 abstulit.
264 2024 319 2088 sed
344 2024 428 2088 etsi
451 2044 528 2108 ager
551 2029 657 2087 terrae
681 2026 771 2087 motu
790 2025 836 2087 ita
859 2025 1024 2105 corruerit,
1048 2029 1085 2088 ut

76 2134 236 2197 nusquam
254 2112 305 2195 sit,
324 2112 441 2177 damno
461 2112 584 2177 domini
603 2133 686 2175 esse:
706 2115 854 2195 oportere
869 2113 954 2175 enim
969 2134 1083 2198 agrum

76 2201 237 2286 praestari
260 2201 461 2284 conductori,
484 2205 521 2264 ut
542 2200 607 2264 frui
629 2200 742 2284 possit.

165 2303 304 2363 Servium
322 2303 415 2362 etiam
431 2302 653 2379 provinciarum
671 2303 819 2362 rationem
834 2302 943 2362 habere
956 2304 1085 2363 fortasse

75 2393 168 2453 verba
186 2387 335 2452 ‘Incussus
353 2387 497 2451 hostium'
517 2395 547 2450 et
562 2386 721 2451 ‘exercitus
734 2387 930 2469 praeteriens'
943 2393 1084 2452 indicant.

75 2484 112 2543 cf.
131 2480 225 2542 Gaius
248 2480 326 2541 libro
349 2500 428 2540 nono
452 2480 489 2539 ad
510 2480 642 2540 edictum
660 2481 841 2558 provinciale
861 2471 912 2563 (D.
933 2483 982 2555 13,
998 2484 1026 2560 6,
1043 2484 1083 2541 18

75 2572 106 2631 P.
127 2567 221 2649 208):
245 2563 408 2630 ‘latronum
429 2569 620 2646 hostiumque
643 2563 800 2629 incursus’.

382 2711 427 2767 Dc
444 2713 517 2767 sollu
530 2730 666 2782 pascuum
685 2714 779 2767 locuto.

166 2812 240 2879 115.
275 2811 315 2877 Ι).
341 2811 391 2895 19,
409 2813 439 2894 2,
464 2813 514 2889 19,
535 2814 563 2877 1.
613 2811 773 2897 Ulpianus
804 2812 887 2877 libro
915 2812 1084 2898 trigesimo

76 2902 217 2968 seeundo
246 2901 287 2965 ad
315 2900 454 2964 edictum
479 2898 528 2989 (P.
547 2898 653 2985 951²).
700 2898 735 2965 Si
760 2901 832 2985 quis
856 2901 942 2966 dolia
964 2902 1085 2966 vitiosa

75 2994 209 3077 ignarus
237 2989 406 3071 locaverit,
440 2989 555 3054 deinde
583 2991 693 3055 vinum
716 2989 889 3072 effluxerit,
921 2989 1085 3053 tenebitur

73 3081 108 3145 in
130 3079 163 3144 id
188 3078 274 3162 quod
297 3078 433 3142 interest
454 3099 514 3143 nec
537 3079 720 3162 ignorantia
744 3078 812 3142 eius
837 3078 898 3141 erit
919 3081 1083 3141 excusata:

75 3174 107 3233 et
125 3169 175 3233 ita
189 3165 322 3233 Cassius
342 3166 481 3251 scripsit.
512 3167 608 3231 aliter
628 3169 723 3250 atque
743 3167 769 3229 si
790 3167 908 3231 saltum
927 3187 1083 3249 pascuum

74 3257 207 3340 locasti,
238 3256 272 3319 in
300 3276 364 3338 quo
391 3255 493 3320 herba
520 3257 607 3320 mala
629 3253 836 3319 nascebatur:
868 3254 920 3318 hic
946 3253 1083 3318 enimsi

75 3367 193 3430 pecora
219 3343 273 3408 vel
301 3344 469 3408 demortua
497 3348 573 3408 sunt
601 3343 652 3409 vel
680 3343 778 3406 etiam
807 3342 967 3407 deteriora
988 3341 1083 3426 facts,

77 3434 162 3518 quod
185 3433 323 3498 interest
344 3433 573 3516 praestabitur,
597 3434 624 3498 si
644 3429 747 3516 scisti,
771 3432 797 3495 si
815 3431 985 3516 ignorasti,
1007 3453 1082 3516 pen-

77 3524 200 3588 sionem
223 3543 289 3587 non
310 3526 412 3606 petes,
436 3521 539 3587 etita
562 3521 674 3589 Seruio
772 3520 909 3607 placui.
