2422 3840
292 166 318 218 8.
344 160 496 219 SERVIUS
515 161 700 219 SULPICIUS
719 163 838 220 RUFUS
1007 164 1071 228 195

14 340 30 395 r
88 328 140 401 cst,
158 325 184 389 si
202 329 312 391 autem
332 346 418 410 aqua
435 325 529 391 vitiet
547 324 758 391 fundamenta
776 330 809 390 et
827 328 874 391 sic
893 327 1072 392 aedificium

86 413 190 496 ruisset,
208 413 370 479 committi
386 414 629 498 stipulationem
644 416 702 480 sit:
721 415 861 479 multum
876 416 960 480 enim
975 418 1072 481 inter-

13 526 28 566 ,ι
86 521 148 584 esse,
174 502 261 587 quod
289 506 360 568 erat
388 503 529 587 ahoquin
556 503 699 586 firmum,
727 504 759 568 ui
781 504 922 568 fluminis
946 506 1071 589 lapsum

13 614 28 657 z
84 588 115 740 pit
135 591 298 743 protinus,
330 613 372 655 an
405 612 479 657 vero
513 597 587 656 ante
615 593 659 657 sit
686 593 851 677 vitiatum,
884 593 996 658 deinde
1025 594 1071 658 sic

98 679 134 744 eci
153 679 222 744 erit.

435 773 483 834 Dc
504 775 696 835 semimitas.

12 882 28 921 ¹¹
148 884 198 950 88.
227 883 268 949 D.
287 883 315 967 8,
335 884 366 967 4,
386 883 437 950 15.
473 884 593 949 Paulus
617 886 702 949 libro
725 886 830 968 primo
854 886 1069 969 epitomarum

81 967 168 1036 llleni
186 971 397 1057 Digestorum
416 971 465 1056 (P.
480 968 548 1059 31).
585 971 648 1049 Qui
666 995 724 1057 per
742 979 864 1038 certum
883 975 988 1039 locum
1007 975 1070 1038 iter

80 1064 121 1124 sut
138 1064 245 1126 actum
270 1061 366 1126 alicui
383 1059 441 1145 <in
459 1062 550 1146 iure>
574 1062 732 1143 cessisset,
755 1084 828 1126 eum
846 1063 993 1145 pluribus
1011 1086 1069 1148 per

13 1146 26 1185 ¹
80 1148 195 1215 cmdem
227 1149 335 1215 locum
367 1151 419 1215 vel
450 1151 513 1214 iter
540 1151 592 1215 uel
620 1154 728 1215 sctum
756 1152 813 1234 <in
840 1151 930 1235 iure>
958 1152 1068 1216 cedere

12 1234 25 1274 ²
77 1255 153 1318 pesse
180 1259 292 1304 uerum
320 1242 383 1305 est:
411 1238 681 1324 quemadmodum
710 1240 738 1304 si
767 1241 840 1324 quis
863 1240 968 1305 vicino
993 1263 1068 1305 suas

77 1325 153 1392 sedes
176 1349 286 1393 servas
309 1327 452 1412 fecisset,
476 1327 580 1392 nihilo
604 1328 710 1392 minus
733 1333 813 1413 quot
835 1331 934 1394 vellet
956 1329 1067 1394 multis

11 1408 22 1503 l
76 1432 116 1479 eus
135 1414 229 1481 aedes
253 1437 364 1482 seruas
386 1417 494 1480 facere
516 1421 635 1502 potest.

145 1527 361 1588 Tribonianum
374 1527 462 1588 Pauli
479 1529 530 1588 vel
543 1528 645 1587 Alfeni
660 1529 825 1588 orationem
838 1532 972 1590 mutasse
986 1523 1066 1608 l‘qui

72 1616 287 1677 ..cessisset
309 1660 351 1693 ..,
383 1635 489 1678 verum
511 1621 579 1691 est,
611 1617 863 1692 quemadmodum
889 1620 915 1677 si
1014 1620 1066 1678 fe·

68 1703 169 1766 risset
268 1698 397 1786 potsst')
421 1709 453 1765 et
474 1723 650 1782 responsum
674 1707 796 1766 subesse
820 1710 953 1783 apparet

10 1888 12 1893 ,
144 1814 210 1882 89?
233 1813 272 1880 D.
286 1815 502 1898 43,20,1,17.
529 1813 689 1901 Ulpianus
704 1816 787 1880 libro
803 1817 1066 1901 septuagensimo

63 1903 97 1968 ad
119 1904 262 1970 edictum
287 1902 336 1989 (P.
357 1902 467 1989 1570).
507 1902 591 1969 lem
615 1903 787 1987 quaeritur,
811 1905 838 1967 si
863 1905 934 1988 quis
954 1927 1066 1988 aquae,

61 2014 152 2078 quam
170 1993 234 2059 hoc
257 2013 342 2058 anno
362 1992 507 2077 ducebat,
532 1993 630 2056 eliam
650 2014 766 2077 squam
785 1992 999 2075 admiscuerit,
1023 2016 1065 2057 an

57 2082 185 2167 impune
203 2080 422 2167 prohibeatur.
455 2084 488 2148 et
502 2086 592 2146 extet
606 2078 694 2145 Ofilii
710 2076 890 2167 (lServii‘l)
905 2082 1065 2144 sententia

57 2170 273 2237 existimantis
296 2174 381 2235 recte
405 2191 477 2235 eum
500 2169 677 2255 prohiberi,
706 2170 761 2234 sed
785 2191 822 2234 eo
845 2168 922 2252 loci,
944 2171 977 2233 in
1001 2190 1064 2254 quo

54 2261 196 2345 primum
225 2281 343 2343 aquam
370 2259 468 2323 aliam
496 2261 529 2323 in
556 2259 661 2322 rivum
690 2259 841 2323 admittit.
888 2261 922 2322 at
949 2257 1063 2323 Ofilius

53 2350 86 2414 in
108 2352 182 2415 tota
205 2370 289 2433 aqua
310 2351 396 2413 recte
420 2370 492 2412 eum
514 2348 680 2432 prohiberi
703 2348 757 2412 ait.

141 2436 210 2503 90?
238 2435 277 2501 D.
296 2435 326 2521 8,
345 2435 374 2518 5,
394 2436 445 2520 17,
467 2439 493 2500 1.
536 2437 671 2500 Alfenus
694 2437 779 2501 libro
804 2437 942 2501 secundo
966 2434 1063 2521 Dige-

52 2530 180 2592 storum
205 2522 253 2610 (P.
271 2522 318 2612 4).
364 2523 445 2591 (lum
467 2526 502 2590 in
525 2525 620 2590 domo
645 2524 719 2591 Gaii
742 2525 795 2589 Sei
816 2526 906 2590 locus
931 2524 1063 2609 quidam

52 2615 187 2680 aedibus
201 2613 291 2678 Anni
308 2614 356 2678 ita
375 2613 516 2696 serviret,
534 2617 571 2678 ut
589 2615 623 2677 in
643 2636 680 2680 eo
699 2615 771 2679 loco
787 2615 928 2697 positum
944 2614 1062 2678 habere

50 2704 101 2769 ius
129 2702 204 2769 Seio
227 2723 293 2768 non
316 2707 402 2767 esset
425 2706 459 2767 et
481 2699 572 2767 Seius
595 2703 631 2766 in
654 2724 691 2767 eo
716 2702 831 2767 silvam
857 2704 992 2767 sevisset
1028 2702 1061 2767 in

51 2814 116 2879 qua
139 2791 234 2857 labra
255 2795 287 2856 et
304 2789 410 2856 lenes¹
429 2792 624 2857 cucumelles
644 2790 768 2874 positas
787 2791 930 2875 haberet,
952 2790 1061 2856 Annio

50 2881 225 2946 consilium
259 2901 371 2946 omnes
404 2880 483 2944 iuris
516 2881 613 2965 periti
645 2879 817 2963 dederunt,
849 2883 886 2943 ut
918 2902 989 2944 cum
1022 2899 1060 2943 eo

49 2973 176 3056 egeret,
207 2969 257 3033 ius
286 2969 317 3033 ei
342 2990 409 3033 non
436 2990 507 3033 esse
533 2969 567 3033 in
591 2989 628 3033 eo
651 2969 722 3033 loco
752 2989 790 3032 ea
811 2968 919 3051 posita
941 2967 1061 3032 habere

47 3059 153 3126 invito
177 3079 221 3124 se.

138 3169 224 3231 luter
247 3169 303 3229 hos
326 3168 514 3245 iurisperitos
537 3169 665 3228 fortasse
689 3167 780 3226 etiem
804 3166 924 3226 Servius
947 3167 1014 3226 fuit.

138 3288 205 3354 91?
228 3286 268 3353 D.
288 3288 318 3371 8,
332 3286 362 3369 5,
381 3288 411 3372 8,
425 3287 455 3353 5.
491 3285 651 3372 Ulpianus
674 3286 759 3350 libro
779 3286 916 3369 septimo
936 3283 1058 3347 decimo

47 3379 88 3444 ad
112 3377 253 3443 edictum
275 3373 326 3464 (P.
345 3373 434 3463 601).
475 3375 587 3442 Aristo
611 3373 747 3441 Cerellio
767 3373 870 3439 Vitali
893 3373 1059 3457 respondit

121 3539 135 3588 1
156 3532 203 3592 Fl.
221 3535 311 3589 tenes.
339 3534 490 3590 cmodavd
507 3533 690 3590 Hotomanus.

806 3625 863 3682 rar·
