2422 3840
77 153 79 157 ⁴
108 135 172 214 286
201 151 273 205 viu.
289 150 424 206 ocrnvi
438 149 536 206 snsc.
546 150 642 205 rurus
656 149 831 207 consum.
843 149 968 207 seems
980 150 1113 224 uranu

195 315 224 378 8.
256 313 295 378 D.
319 314 394 377 ibid.
418 315 488 395 §a
538 313 625 400 Cum,
650 314 719 397 pila
751 313 933 398 complures
960 315 1114 399 luderent,

107 402 235 486 quidam
259 424 298 465 ex
320 403 371 466 his
396 404 565 484 servulum,
589 424 660 467 cum
684 403 785 486 pilam
806 404 971 486 percipere
991 424 1113 468 conare·

107 496 169 574 tur,
188 490 326 573 impulit,
346 513 455 556 servus
475 490 589 556 cecidit
608 495 640 554 et
659 512 731 555 crus
750 491 858 575 fregit
891 492 1115 576 quaerebatur,

108 603 148 644 an
169 580 315 644 dominus
335 579 453 644 servuli
471 581 542 665 lege
557 579 690 663 Aquilia
709 601 781 644 cum
800 602 847 662 eo,
867 580 958 645 cuius
974 582 1114 665 impulsu

106 668 274 750 ceciderat,
296 690 392 753 agere
410 672 527 752 potest.
568 668 720 752 respondi
738 690 803 732 non
821 690 928 753 posse,
947 675 1022 734 cum
1042 691 1114 735 casu

105 758 210 841 magis
234 779 332 843 quam
356 757 450 840 culpa
473 758 634 822 videretur
657 757 788 822 factum.

508 896 552 950 De
567 898 710 964 pauperie.

74 1014 77 1019 ·
193 997 223 1060 9.
251 996 290 1060 D.
309 996 340 1078 9,
361 999 388 1079 1,
407 995 436 1060 5.
470 996 606 1060 Alfenus
629 996 714 1060 libro
736 995 875 1061 secundo
895 996 1112 1081 Digestorum.

104 1084 215 1169 Agaso
248 1107 320 1149 cum
352 1085 386 1148 in
417 1085 586 1149 tabernam
619 1106 736 1168 equum
773 1084 957 1170 deduceret,
995 1087 1112 1150 mulam

105 1195 203 1256 equus
236 1173 358 1257 olfecit,
391 1173 480 1237 mula
513 1173 631 1237 calcem
663 1173 774 1238 reiecit
807 1177 840 1236 et
871 1194 944 1238 crus
980 1176 1112 1260 agasoui

104 1262 212 1351 fregit,
250 1263 485 1345 consulebatur,
507 1265 657 1347 possetne
681 1284 754 1326 oum
776 1261 906 1327 domino
926 1263 1035 1328 mulae
1054 1265 1112 1348 agi,

104 1352 188 1435 quod
213 1372 250 1414 ea
273 1351 460 1434 pauperiem
484 1351 622 1415 fecisset
664 1350 816 1434 respondi
837 1359 945 1434 posse.

195 1440 244 1502 10.
274 1438 310 1501 D.
331 1440 364 1524 9,
383 1440 420 1521 2,
438 1439 495 1522 52,
514 1440 544 1504 3.
586 1438 722 1503 Alfenus
746 1440 830 1504 libro
854 1438 997 1504 secundo
1021 1440 1111 1525 Dige

60 1543 62 1549 '
104 1533 236 1592 storum.
288 1527 425 1603 Quidam
458 1529 556 1592 boves
589 1527 732 1592 vendidit
756 1550 801 1592 ea
828 1528 913 1613 lege,
946 1529 997 1592 uti
1026 1528 1111 1593 daret

104 1616 326 1699 experiundos.
353 1622 468 1699 postea
482 1616 569 1680 dedit
583 1616 806 1700 experiundos.
830 1616 986 1700 emptoris
1003 1639 1108 1682 servus

102 1705 136 1768 in
168 1704 364 1787 experiundo
396 1727 565 1788 percussus
598 1706 639 1769 ab
672 1706 774 1769 altero
807 1705 888 1769 bove
922 1726 1026 1771 cornu
1055 1711 1108 1770 est

103 1793 326 1877 quaerebatur,
349 1817 425 1858 num
449 1794 597 1858 venditor
617 1794 756 1878 emptori
775 1794 927 1857 damnum
946 1799 1108 1877 praestare

103 1883 242 1947 deberet.
287 1883 453 1965 respondi,
481 1884 508 1946 si
538 1888 664 1967 emptor
691 1882 789 1946 boves
819 1887 945 1965 emptos
969 1882 1109 1965 haberet,

101 1993 167 2036 non
187 1971 301 2036 debere
319 1976 498 2055 praestare,
523 1972 578 2036 sed
598 1972 625 2034 si
643 1993 710 2036 non
728 1970 863 2034 haberet
881 1975 1020 2055 emptos,
1044 1977 1108 2036 tum

102 2061 129 2124 si
161 2062 256 2144 culpa
286 2060 424 2124 hominis
452 2059 573 2124 factum
602 2066 700 2144 esset,
731 2063 768 2123 ut
795 2081 815 2124 a
842 2059 924 2124 bove
952 2060 1108 2138 feriretur,

101 2171 167 2214 non
190 2149 304 2212 debere
328 2149 501 2233 praestari,
525 2148 655 2213 siritio
679 2148 785 2230 bovis,
808 2147 932 2212 debere.
1052 2198 1055 2202 -

460 2288 503 2341 De
520 2302 596 2341 servo
613 2292 747 2356 corrupto.

191 2390 241 2452 11.
271 2387 309 2451 D.
331 2388 386 2468 11,
405 2388 439 2470 3,
460 2388 510 2452 16.
554 2386 690 2451 Alfenus
720 2385 825 2451 Varus
855 2386 939 2451 libro
971 2388 1107 2453 secundo

101 2476 316 2561 Digestorum.
366 2476 524 2541 Dominus
553 2497 679 2540 servum
708 2476 961 2559 dispensatorem
996 2500 1107 2542 manu-

100 2566 203 2646 misit,
230 2569 344 2647 postea
371 2567 512 2630 rationes
541 2565 581 2628 ab
608 2587 644 2629 eo
674 2565 798 2647 accepit
821 2568 854 2628 et
877 2587 949 2629 cum
974 2566 1021 2630 616
1044 2588 1107 2631 non

100 2656 278 2735 constaret,
306 2655 451 2736 conperit
474 2654 558 2737 apud
583 2653 743 2737 quandam
767 2653 991 2718 mulierculam
1014 2676 1106 2738 pecu·

99 2743 187 2805 niam
211 2764 283 2805 eum
308 2743 560 2825 consumpsisse:
585 2741 812 2825 quaerebatur,
836 2745 990 2824 possetne
1014 2763 1106 2828 agere

99 2831 183 2894 servi
201 2831 343 2914 corrupti
362 2852 433 2894 oum
454 2853 491 2895 ea
509 2830 653 2908 muliere,
672 2852 743 2895 cum
762 2830 790 2894 is
810 2851 920 2895 servus
938 2831 1007 2896 iam
1025 2833 1107 2897 liber

100 2922 194 2983 esset.
243 2920 396 3003 respondi
425 2941 533 3004 posse,
567 2919 622 2983 sed
650 2911 759 2982 etiam¹
776 2919 854 2983 furti
882 2919 921 2982 de
954 2921 1105 3003 pecuniis,

100 3031 179 3091 quas
204 3030 314 3072 servus
338 3009 378 3072 ad
402 3031 472 3072 eam
495 3007 672 3072 detulisset.

188 3240 238 3304 12.
271 3238 309 3303 D.
328 3238 358 3322 5,
379 3241 407 3321 1,
427 3239 477 3303 76.
516 3147 757 3302 lilfdiriisiilibro
777 3243 866 3304 sexto
886 3239 1103 3324 Digestorum.

97 3326 344 3411 Proponebatur
376 3350 414 3391 ex
445 3327 496 3390 his
528 3326 699 3409 iudicibus,
732 3328 787 3410 qui
813 3328 848 3391 in
878 3329 1012 3393 eandem
1039 3351 1102 3393 rem

91 3416 166 3478 'dati
189 3421 305 3498 essent,
327 3417 498 3481 nonnullos
522 3437 620 3478 causa
643 3414 752 3479 audita
776 3422 946 3481 excusatos
965 3440 1036 3483 esse
1056 3417 1102 3481 in-

98 3525 159 3585 que
187 3526 296 3569 corum
328 3504 433 3570 locum
457 3505 536 3568 alios
561 3525 629 3567 esse
654 3509 799 3587 sumptos
825 3510 858 3569 et
882 3508 1102 3589 quaerebatur,

1140 40 1149 83 'l
