2422 3840
96 137 159 201 108
196 137 232 192 V.
255 137 403 192 SEPTIMI
417 135 516 192 SAEO.
531 133 627 189 IURIS
642 133 817 192 CONSULT.
833 132 957 191 snmus
972 135 1107 191 TERTIA

93 306 294 382 privatorum,
330 305 382 365 sed
419 305 458 363 ad
496 322 641 363 summam
679 323 742 362 rem
775 303 927 380 publicam
957 304 1106 380 pertinere

94 394 256 469 videretur,
278 394 317 454 M.
338 393 494 469 Lucullus,
517 392 568 469 qui
591 410 707 451 summa
730 392 884 469 aequitate
908 396 940 452 et
958 393 1106 469 sapientia

94 483 142 542 ius
165 483 254 560 dixit,
283 483 399 559 primus
426 483 482 541 hoc
509 481 652 540 iudicium
676 473 728 562 (de
752 480 860 540 damno
883 482 914 541 vi
936 482 1106 542 hominibus

94 572 218 632 armatis
256 571 403 632 coactisve
435 560 521 651 dato)
555 570 724 646 composuit
755 573 787 629 et
818 571 850 628 id
882 571 1046 648 spectavit,
1074 575 1108 631 ut

96 679 197 722 omnes
220 660 266 719 ita
286 660 418 719 familias
442 678 511 718 suas
535 659 731 732 continerem,
753 661 790 718 ut
812 678 873 718 non
891 658 979 718 modo
1000 661 1109 720 armati

95 750 238 809 damnum
269 749 382 808 nemini
412 749 532 826 darent,
562 767 668 807 verum
696 747 788 806 etiam
820 748 953 808 lacessiti
983 749 1050 808 iure
1080 769 1110 808 se

96 840 197 915 potius
221 858 312 915 quam
335 837 426 897 armis
450 837 643 897 defenderent
667 829 731 894 ...³

184 927 325 987 Fortasse
345 919 469 985 ‘Varius
488 920 657 1002 Lucullus',
682 925 735 1000 qui
753 926 834 1000 apud
852 925 1054 1001 Pomponium
1072 927 1108 984 ad

97 1015 241 1075 Sabinum
264 1007 306 1097 (v.
325 1007 418 1096 infra)
441 1015 594 1090 laudatur,
616 1014 696 1073 idem
722 1016 777 1086 est,
800 1013 844 1072 ita
867 1017 902 1073 ut
925 1034 994 1074 eum
1018 1015 1109 1074 etiam

98 1105 134 1163 de
158 1105 224 1164 iure
248 1104 436 1180 respondisse
459 1103 621 1162 debeamus
644 1104 786 1162 statuere.

501 1262 706 1338 Responsa?

186 1373 225 1438 D.
245 1376 285 1439 41
293 1423 302 1457 ,
323 1376 355 1455 1,
376 1373 417 1437 19
436 1395 483 1457 pr.
525 1370 725 1456 Pomponius
753 1372 836 1437 libro
865 1375 961 1437 tertio
990 1373 1031 1436 ad
1055 1372 1111 1438 Sa-

98 1464 209 1528 binum
226 1460 276 1548 (P.
290 1458 381 1545 414).
412 1460 510 1525 Liber
527 1461 625 1525 homo
646 1461 700 1544 qui
719 1461 804 1525 bona
822 1460 885 1525 fide
903 1461 985 1525 mihi
1002 1463 1112 1546 servit,

98 1553 131 1616 id
153 1551 238 1634 quod
262 1573 299 1615 ex
323 1550 430 1633 operis
454 1550 521 1613 suis
545 1553 603 1613 aut
625 1571 665 1614 ex
688 1571 724 1613 re
747 1571 819 1614 mea
838 1553 977 1634 pararet,
1000 1551 1041 1615 ad
1061 1573 1111 1614 me

98 1640 260 1723 pertinere
293 1639 363 1703 sinc
392 1638 488 1703 dubio
512 1637 623 1702 Aristo
652 1638 699 1702 ait
721 1689 728 1704 .
748 1687 756 1703 .
776 1686 784 1702 .
808 1639 864 1702 sed
893 1639 1110 1704 hereditatem

99 1730 284 1812 legatumne
307 1749 372 1792 non
396 1727 522 1813 adquiri
545 1726 625 1790 mihi
648 1749 705 1811 per
729 1749 814 1810 eum,
843 1728 920 1813 quia
942 1749 1048 1813 neque
1072 1750 1110 1792 cx

98 1839 133 1881 rc
152 1838 225 1881 mea
242 1838 346 1901 neque
370 1838 409 1880 ex
431 1816 537 1900 operis
557 1817 624 1881 suis
643 1815 676 1880 id
696 1816 740 1879 sit
756 1837 816 1880 ncc
835 1816 904 1881 ulla
923 1818 991 1881 eius
1012 1838 1111 1902 opera

99 1910 184 1970 essct
210 1907 244 1969 in
270 1907 378 1991 legato
409 1905 456 1986 [in
484 1905 662 1969 hereditate
691 1904 912 1989 aliquatenus,
943 1905 1020 1989 quia
1052 1928 1110 1990 par

99 1996 206 2077 ipsum
230 1994 402 2077 adireturJ,
427 1995 512 2078 quod
536 1997 568 2058 ct
590 1992 726 2058 Varium
750 1993 919 2058 Lucullum
943 1994 1113 2080 (fortassez

100 2083 282 2149 Varronem
304 2079 491 2169 Lucullum)
515 2082 687 2167 aliquando
713 2081 886 2148 dubitasse.

186 2195 279 2255 Uncis
293 2195 411 2254 inclusa
424 2193 517 2254 verba
531 2193 740 2252 aTriboniano
753 2193 858 2254 addita
867 2213 932 2254 esse
942 2193 1111 2254 A.Peruice

100 2287 180 2344 recte
204 2285 330 2343 monuit.

446 2503 486 2585 li.
524 2509 563 2582 P.
592 2509 761 2583 ORBIUS

390 2672 416 2712 a.
438 2649 553 2753 691s63
577 2658 700 2730 praetor
722 2654 823 2715 Asiae.

189 2776 290 2837 Cicero
306 2779 390 2836 Brut.
403 2781 476 2839 179.
500 2772 605 2838 ‘Cuius
619 2770 668 2859 (T.
683 2778 815 2838 Iuventii
829 2798 920 2855 supra
936 2780 971 2857 V,
984 2783 1002 2839 2
1018 2782 1112 2840 nomi-

99 2859 179 2943 nati)
195 2867 315 2927 auditor
328 2867 361 2927 P.
377 2865 494 2944 Orbius
513 2886 597 2926 meus
616 2869 678 2926 fere
698 2867 840 2943 aequalis
859 2869 891 2927 in
910 2869 1035 2929 dicendo
1051 2889 1112 2929 non

100 2955 189 3013 nimis
213 2956 401 3034 exercitatus,
424 2956 455 3014 in
478 2956 542 3014 iure
566 2960 667 3015 autem
693 2956 774 3017 civili
796 2976 856 3016 non
879 2957 1004 3016 inferior
1023 2978 1113 3035 quam

100 3044 244 3121 magister
271 3039 350 3104 fnit'.
396 3064 451 3121 pro
478 3045 586 3104 Flacco
611 3037 651 3126 (a.
673 3037 812 3126 695s59)
838 3049 892 3106 76:
922 3040 983 3104 ‘Illi
1010 3047 1114 3125 igitur,

99 3133 146 3191 illi
168 3133 346 3210 Pergameni
368 3134 614 3212 proscriptiones,
637 3151 712 3211 quas
734 3137 769 3192 tu
793 3134 950 3210 afferabas,
974 3137 1113 3212 repudia·

101 3225 219 3281 verunt.
264 3223 296 3281 P.
317 3222 438 3298 Orbius
462 3223 551 3281 homo
575 3225 606 3281 et
628 3221 759 3296 prudens
783 3226 813 3282 ct
836 3224 986 3302 innocens
1010 3228 1115 3284 contra

97 3313 128 3369 te
153 3311 253 3370 omnia
275 3305 426 3373 decrevit?

510 3409 700 3485 Responsa.

187 3497 280 3555 Nulla
304 3499 431 3555 exstant.
