2422 3840
123 160 188 224 362
222 159 293 215 VIII.
309 157 443 215 OCTAVI
457 157 556 214 SAEC.
566 157 663 214 IURIS
678 155 985 215 consumsimus
998 157 1136 212 TERTIA

489 319 533 373 De
547 320 655 388 peculio
673 319 769 388 legato.

212 421 240 485 7.
269 419 308 484 D.
325 419 425 502 15,1‚
443 418 479 499 5,
496 419 528 483 4.
568 415 727 502 Ulpianus
746 418 829 484 libro
851 419 1026 484 vicensimo
1045 441 1134 485 nono

123 508 163 574 ad
195 508 336 572 edietum
367 505 416 590 (P.
440 504 529 593 852).
583 506 749 572 Peculium
782 557 821 572 ..
853 506 981 573 Tubero
1014 556 1054 574 ..
1087 509 1135 573 sio

122 598 243 682 definit,
265 602 303 661 ut
325 594 439 662 Celsus
462 596 547 661 libro
571 599 662 661 sexto
681 596 891 681 Digestorum
913 597 1022 681 refert,
1046 597 1133 680 quod

123 707 234 751 servus
258 684 380 750 domini
402 683 563 768 permissu
588 685 762 768 separatim
788 707 807 748 a
829 685 1010 750 rationibus
1034 684 1135 750 domi-

121 774 202 839 nieis
225 774 325 839 habet
347 772 484 838 deducto
507 773 581 837 inde
604 773 632 837 si
656 773 733 858 quid
757 773 887 839 domino
912 773 1055 839 debetur.

395 930 440 986 De
457 930 545 998 fundo
563 930 739 986 aaaaamr'aee'e
757 931 851 1000 legato.

211 1032 241 1096 8.
267 1029 307 1095 D.
331 1030 387 1114 32,
410 1030 466 1110 29,
489 1030 519 1094 4.
555 1028 664 1096 Labeo
693 1031 776 1095 libro
806 1031 945 1097 seeundo
974 1030 1134 1116 posterio-

121 1142 193 1184 rum
222 1142 242 1184 a
268 1117 421 1185 Iauoleno
450 1121 701 1203 epitomatorem
724 1116 774 1207 (P.
795 1117 882 1206 171).
928 1118 976 1184 ‘si
1003 1119 1133 1186 Stichus

122 1212 156 1276 et
169 1208 274 1273 Darna
293 1209 378 1273 servi
397 1208 461 1272 mei
478 1208 513 1272 in
530 1211 694 1292 potestate
713 1229 786 1273 mea
804 1212 899 1273 erunt
914 1230 985 1274 oum
1002 1210 1133 1294 moriar,

120 1300 190 1361 turn
220 1295 348 1362 Stichus
376 1300 409 1360 et
435 1296 540 1361 Dama
567 1296 666 1364 liberi
690 1300 786 1362 sunto
814 1301 847 1366 et
873 1297 1010 1363 fundum
1037 1299 1133 1363 illum

122 1385 184 1450 sibi
213 1385 376 1450 habento?
429 1385 458 1450 si
485 1386 624 1451 alterum
652 1407 691 1450 ex
718 1385 768 1450 his
796 1389 872 1470 post
898 1390 1132 1452 testamentum

120 1474 243 1538 factum
272 1474 420 1538 dominus
443 1474 617 1538 alienasset
642 1473 694 1538 vel
717 1475 970 1559 manumisisset,
1070 1475 1133 1540 Tu·

122 1562 199 1627 bero
224 1584 305 1646 eum,
329 1563 384 1649 qui
406 1563 617 1627 remansisset
639 1563 675 1626 in
695 1566 867 1648 potestate,
889 1563 1029 1628 liberum
1047 1564 1134 1630 futu-

121 1673 193 1737 rum
217 1655 250 1715 et
273 1651 418 1735 legatum
441 1652 628 1716 habiturum
652 1655 755 1735 putat.

210 1763 248 1822 oi.
272 1761 336 1824 Gai.
356 1765 390 1840 2,
411 1766 487 1824 103:
514 1764 572 1822 Per
598 1763 830 1824 vindicationem
856 1765 913 1825 hoo
938 1764 1026 1825 modo
1050 1766 1132 1841 lega·

122 1870 189 1910 mus
213 1875 277 1928 ...ς
295 1852 376 1929 item,
399 1855 435 1911 ut
458 1852 555 1930 magis
576 1851 675 1913 visum
698 1855 753 1926 est,
777 1853 802 1912 si
822 1852 867 1912 ita
884 1853 1019 1931 legatum
1038 1854 1133 1914 fuerit

121 1933 256 2001 ‘sumito'
280 1941 329 2000 vel
350 1941 395 2000 ita
418 1935 488 2001 ‘sibi
511 1934 633 2001 habeto’
658 1984 687 1999 ..
711 1960 805 2018 aeque
833 1961 887 2018 per
908 1941 1133 2002 vindicationem

121 2029 254 2106 legatum
278 2032 334 2089 est.

422 2116 526 2192 Aquae
541 2119 663 2192 pluviae
685 2120 832 2180 arcendae.

211 2239 240 2302 9.
268 2235 306 2301 D.
322 2236 374 2321 39,
388 2238 418 2320 3,
438 2238 519 2319 lpr.
556 2235 713 2320 Ulpianus
736 2237 820 2301 libro
840 2237 1131 2322 quinquagensimo

121 2325 219 2389 tertio
240 2325 279 2389 ad
298 2324 437 2390 edietum
458 2321 508 2410 (P.
530 2322 637 2409 1285).
674 2325 802 2409 Aquam
821 2326 965 2409 pluviam
984 2325 1131 2410 dicimus,

123 2435 204 2498 quae
228 2413 266 2477 de
285 2414 374 2479 caelo
393 2413 480 2479 eadit
498 2418 595 2498 atque
613 2414 717 2479 imbre
736 2419 898 2498 exerescit,
922 2414 950 2478 si
969 2463 999 2479 ..
1019 2437 1078 2499 per
1097 2437 1132 2481 se

121 2502 202 2566 liaeo
225 2524 307 2586 aqua
330 2502 479 2567 caelestis
501 2506 625 2586 noceat,
648 2506 686 2566 ut
708 2501 837 2567 Tubero
862 2504 917 2567 ait.

470 2684 516 2743 De
537 2685 779 2760 simulationibus.

213 2803 261 2868 10.
289 2802 329 2867 D.
347 2801 400 2879 45.
421 2804 449 2886 1,
468 2803 509 2867 72
523 2826 571 2888 pr.
608 2802 768 2887 Ulpianus
790 2803 875 2869 libro
894 2801 1070 2870 vicensimo
1090 2805 1133 2868 ad

122 2891 262 2956 edietum
282 2890 330 2976 (P.
345 2887 435 2978 643).
471 2889 704 2976 stipulationes
727 2914 791 2958 non
816 2892 1002 2957 dividuntur
1020 2914 1133 2957 earum

121 3002 242 3064 rerum,
280 3001 361 3064 quae
396 2979 587 3046 divisionem
618 3003 684 3048 non
716 2981 889 3064 recipiunt,
925 2982 1027 3046 veluti
1059 2981 1133 3046 viae

120 3069 246 3134 itineris
275 3073 365 3133 aetus
389 3070 628 3154 aquaeductus
652 3073 893 3153 ceterarumque
917 3070 1132 3136 servitutium.

120 3158 206 3222 idem
243 3161 323 3242 puto
358 3161 391 3222 et
424 3159 450 3223 si
485 3158 556 3243 quis
589 3158 769 3223 faciendum
802 3158 923 3243 aliquid
956 3159 1131 3242 stipulatus

121 3247 238 3311 sit
263 3243 428 3312 Celsus..
452 3246 536 3312 libro
564 3245 757 3331 trigensimo
781 3251 895 3313 ootavo
919 3246 1132 3332 Digestorum

120 3335 219 3399 refert
250 3334 454 3400 Tuberonem
486 3336 702 3420 existimasse,
733 3334 789 3400 ubi
820 3334 896 3419 quid
928 3336 997 3400 fieri
1029 3337 1133 3420 stipu-

120 3425 236 3507 lemur,
264 3425 291 3488 si
319 3445 384 3487 non
406 3424 505 3488 fuerit
527 3423 662 3508 factum,
689 3425 859 3508 pecuniam
887 3424 957 3488 dari
980 3430 1134 3508 oportere

104 3509 251 3595 ideoque
275 3511 375 3578 etiam
400 3512 436 3579 in
460 3512 522 3580 hoo
545 3532 663 3600 genere
687 3512 784 3577 dividi
808 3513 1060 3596 stipulationem.
