2422 3840
381 204 404 254 1.
427 200 458 255 P.
472 197 638 253 ALFENUS
656 197 778 254 VARUS
1019 198 1084 262 299

75 363 211 514 dampats
231 365 299 427 esto
318 383 422 446 neque
442 360 666 445 adscripsisset
681 361 792 445 ‘dare',
811 361 921 426 deberi
940 361 1086 446 legatum

75 473 153 516 cons
170 475 187 514 a
201 493 211 514 ·.

165 571 201 629 ef.
220 570 284 630 Gai.
300 573 329 647 2,
345 573 417 632 201.
449 570 507 629 Per
526 569 746 629 damnationem
765 570 821 629 hoe
835 569 921 630 modo
935 571 1085 648 legamus:

76 653 174 718 ‘heres
206 678 291 718 meus
408 659 478 718 dare
508 659 632 718 damnas
662 652 751 735 esto';
781 657 834 717 sed
863 661 894 718 et
924 659 950 717 si
982 652 1085 718 ‘dato'

75 749 221 824 seriptum
244 749 348 824 fuerit,
371 767 424 824 per
448 748 670 813 damnationem
691 747 826 824 legatum
849 752 903 807 est.

165 868 216 932 23.
247 866 286 931 D.
301 868 353 951 31,
369 868 419 931 74.
455 866 545 932 Idem
570 863 798 953 (Papinianus)
822 866 905 931 libro
929 867 1084 932 vicesimo

77 965 214 1049 septimo
251 964 481 1041 Quaestionum
512 961 562 1050 (P.
586 960 675 1048 330).
726 963 826 1029 ‘Titio
850 952 963 1030 Ηὸῧι
991 965 1085 1030 heres

75 1075 228 1138 praesens
252 1052 351 1119 dato'.
387 1053 500 1118 deinde
523 1053 660 1136 protulit
683 1052 768 1116 diem
791 1053 982 1138 legatorum.
1018 1076 1085 1119 non

76 1146 127 1206 est
157 1164 282 1227 verum,
314 1142 399 1226 quod
428 1140 565 1206 Alfenus
596 1141 734 1226 rettulit,
764 1146 893 1206 eentum
922 1144 1085 1226 praesenti

76 1231 197 1312 deberi,
221 1232 297 1314 quia
321 1231 405 1295 diem
428 1231 595 1314 proprium
618 1229 811 1294 habuerunt.

445 1413 490 1468 De
507 1430 600 1467 cranao
620 1415 714 1484 teporo.

164 1525 216 1588 24.
244 1522 283 1589 Ι).
302 1523 359 1602 33,
381 1525 412 1605 1,
431 1524 483 1587 22.
525 1521 661 1586 Alfenus
693 1523 800 1588 Varus
831 1522 913 1587 libro
946 1524 1085 1589 seeundo

76 1613 283 1696 Digestorum
299 1634 317 1675 a
331 1610 433 1676 Paulo
448 1611 699 1694 epitomatorum
716 1610 764 1698 (P.
775 1608 841 1697 35).
867 1611 980 1676 ‘Piliae
994 1635 1084 1677 meae

76 1703 363 1786 quamdiucumque
387 1700 483 1763 vidua
506 1699 580 1781 erit,
602 1700 637 1763 in
660 1721 763 1764 annos
787 1700 933 1786 singulos
957 1707 1084 1766 centurn

75 1791 168 1854 heres
188 1811 277 1852 meus
297 1787 393 1852 dato'.
435 1788 606 1871 quaeritur,
631 1787 662 1851 si·
677 1788 745 1852 filia
763 1789 870 1853 minus
890 1791 988 1854 annui
1005 1793 1086 1855 tem-

76 1879 164 1961 poris
182 1878 279 1941 vidua
297 1876 423 1958 fuisset,
441 1876 597 1960 numquid
617 1876 723 1941 minus
742 1877 771 1940 ei
789 1880 918 1942 eentum
933 1878 1085 1944 deberen-

75 1973 136 2029 tur.
167 1964 332 2048 respondit
351 1963 413 2028 sibi
431 1963 542 2048 videri,
560 1965 692 2029 tametsi
709 1968 799 2031 totus
819 1988 921 2031 annus
939 1966 1082 2032 nondum

75 2054 205 2136 fuisset,
229 2058 337 2117 tamen
360 2053 477 2118 deberi.

164 2174 201 2232 ef.
227 2171 323 2232 Servii
345 2192 488 2249 responsa
513 2175 564 2233 50.

362 2352 405 2406 De
422 2352 507 2419 faedi
524 2353 685 2419 ususfrueta
704 2354 799 2424 tepato.

164 2460 215 2526 25.
243 2461 283 2526 D.
301 2461 358 2540 33,
377 2461 411 2544 2,
433 2462 481 2526 12.
529 2459 665 2526 Alfenus
692 2460 800 2527 Varus
828 2461 913 2526 libro
943 2464 1082 2530 seeundo

75 2549 284 2634 Digestorum
308 2572 327 2613 a
350 2547 453 2614 Paulo
477 2550 727 2634 epitomatorum
750 2550 800 2628 (P.
813 2547 880 2638 40).
922 2551 1025 2618 Heres
1049 2553 1084 2618 in

74 2638 189 2721 funde,
217 2640 306 2703 euius
333 2659 411 2702 usus
438 2638 559 2703 fruetus
588 2639 716 2724 legatus
740 2643 804 2721 est,
831 2640 942 2704 villam
965 2645 1085 2725 posuit.

75 2749 146 2790 eam
161 2728 262 2791 invito
277 2725 454 2791 fructuario
469 2727 623 2792 demolire
635 2749 701 2792 non
714 2731 834 2812 potest,
851 2729 1083 2816 [nihilomagis

75 2837 172 2898 quam
197 2817 235 2899 si,
253 2837 350 2898 quam
368 2815 516 2879 arborem
533 2816 706 2900 posuisset,
725 2838 763 2880 ex
781 2816 880 2882 fundo
900 2819 928 2882 is
947 2820 1083 2885 evellere

74 2904 201 2984 vellet3]
234 2904 289 2968 sed
318 2903 346 2967 si
379 2907 551 2987 antequam
583 2903 840 2970 usufructuarius
872 2907 1084 2992 prohibuerit,

75 2992 270 3076 demolierit,
292 2993 422 3076 impune
445 2993 613 3057 facturum.

164 3114 200 3174 of.
224 3112 321 3173 Servii
343 3131 486 3188 responsa
509 3114 559 3172 23.

164 3233 217 3297 26.
248 3232 285 3297 D.
306 3233 338 3313 1,
361 3232 464 3315 1,11.
510 3230 631 3297 Paulus
654 3231 738 3296 libro
763 3232 904 3297 secundo
928 3233 1082 3315 epitoma·

73 3323 182 3385 torum
206 3321 316 3385 Alfeni
338 3320 548 3406 Digestorum
572 3317 703 3407 (P.41).
744 3321 800 3386 sed
823 3321 851 3384 si
874 3321 1010 3406 grandes
1033 3345 1081 3387 ar-

74 3410 169 3474 bores
192 3413 313 3492 essent,
336 3430 402 3474 non
424 3430 519 3493 posse
542 3430 596 3474 eas
620 3410 759 3475 caedere.

165 3572 178 3618 1
202 3566 388 3622 Tritoaioaue
406 3567 518 3622 eentum
538 3583 649 3624 aureos.
