2422 3840
385 174 409 225 1.
431 170 461 225 P.
475 165 643 224 ALFENUS
661 165 782 222 VARUS
901 205 904 210 ·
1023 167 1087 232 311

80 335 199 399 habere
231 334 281 397 ius
313 330 386 397 Seio
419 352 484 395 non
517 334 615 414 esset,
645 332 678 393 et
710 327 802 393 Seius
835 330 870 394 in
903 353 940 396 eo
974 333 1088 397 silvam

82 425 226 505 sevisset,
244 424 278 485 in
297 444 359 506 qua
377 420 471 484 labra
490 425 522 483 et
540 420 626 483 lenes
642 417 736 502 (et)l
752 420 944 484 euonmellas
964 423 1087 504 positas

81 512 224 593 haberet,
248 509 355 574 Annio
380 508 550 573 eonsilium
574 528 685 571 omnes
708 507 787 571 iuris
807 508 905 590 periti
925 508 1088 593 dederunt,

81 606 118 663 ut
138 622 209 664 aum
229 621 267 663 eo
287 602 410 682 ageret:
433 597 483 660 ius
503 595 532 660 ei
550 616 614 660 non
634 616 703 660 esse
721 596 756 660 in
775 618 812 660 eo
831 596 903 661 loco
923 619 961 662 ea
979 598 1088 682 posita

81 688 199 752 habere
222 687 322 751 invito
347 707 390 750 se.

69 816 70 819 =
170 776 221 842 59.
245 775 284 839 D.
299 775 372 859 8‚2,
388 773 438 839 16.
476 770 593 838 Paulus
612 772 695 837 libro
714 771 852 838 seeundo
873 775 1087 857 epitomarnm

80 864 190 929 Alfeni
213 861 421 949 Digestorum
445 860 494 948 (P.
508 858 576 947 42).
620 859 744 926 Lumen
766 861 798 926 id
822 866 881 947 est,
904 867 940 928 ut
964 865 1088 930 eaelum
1121 863 1123 868 ’

29 1001 30 1004 ,
80 954 251 1036 videretur,
275 957 307 1018 et
331 954 468 1017 interest
488 951 575 1015 inter
593 949 703 1014 lumen
723 953 755 1014 et
773 955 989 1035 prospectum,
1011 975 1087 1019 116111

79 1047 269 1129 prospectus
298 1040 396 1106 etiam
423 1061 461 1104 ex
488 1038 695 1103 inferioribus
724 1040 804 1104 loeis
828 1044 890 1124 est,
919 1042 1027 1107 lumen
1050 1065 1089 1108 ex
1164 1047 1166 1050 ’

79 1130 230 1196 inferiore
254 1131 325 1195 loeo
350 1151 509 1194 essenon
532 1130 649 1212 potest.

168 1243 205 1301 of.
229 1241 327 1302 Servii
348 1258 493 1317 responsa
515 1242 566 1299 91.

37 1428 40 1432 μ
169 1353 219 1418 60.
248 1351 286 1416 D.
302 1353 334 1430 8,
349 1353 385 1436 2,
398 1352 451 1416 33.
487 1349 606 1414 Paulus
629 1349 712 1413 libro
736 1350 848 1435 quinto
872 1351 1087 1434 epitomarum

78 1440 189 1504 Alfeni
218 1440 426 1526 Digestorum
455 1437 507 1526 (P.
527 1436 593 1522 68).
644 1437 728 1503 llum
756 1438 871 1503 debere
904 1441 1086 1506 columnam

78 1530 258 1612 restituere,
282 1551 364 1614 quae
388 1551 468 1594 onus
490 1527 667 1592 vicinarum
691 1526 817 1591 aedium
840 1529 973 1612 ferebat,
996 1532 1087 1596 auius

79 1623 186 1682 essent
209 1618 304 1682 aedes
333 1639 414 1703 quae
442 1617 610 1700 servirent,
641 1638 709 1681 non
736 1638 810 1682 eum
838 1617 893 1701 qui
920 1619 1086 1703 imponere

78 1706 183 1770 vellet.
237 1729 313 1770 nam
350 1727 424 1770 eum
459 1705 494 1769 in
527 1705 600 1788 lege
632 1705 759 1769 aedium
797 1707 952 1790 seriptum
988 1712 1087 1773 esset:

59 1795 197 1879 '‘paries
217 1796 306 1860 oneri
325 1793 459 1859 ferundo
477 1793 527 1857 uti
544 1813 630 1857 nune
649 1797 707 1878 est,
725 1794 773 1858 ita
792 1793 856 1879 sit’,
875 1795 955 1859 satis
975 1799 1086 1880 aperte

78 1884 254 1966 significari
283 1884 318 1947 in
348 1886 538 1967 perpetuum
570 1882 726 1966 parietem
759 1902 830 1946 esse
862 1883 989 1968 debere,
1020 1906 1086 1951 non

79 1973 163 2035 enim
187 1973 248 2037 hoe
266 1971 317 2035 his
336 1971 443 2036 verbis
463 1971 534 2055 diei,
556 1975 593 2034 ut
610 1971 645 2035 in
662 1972 854 2055 perpetuum
875 1972 960 2036 idem
978 1976 1085 2056 paries

79 2064 178 2145 esset,
205 2060 290 2145 quod
317 2081 357 2124 ne
384 2060 454 2125 fieri
482 2058 611 2143 quidem
638 2065 762 2144 posset,
788 2061 843 2124 sed
872 2061 921 2124 uti
944 2061 1086 2126 eiusdem

77 2148 164 2212 modi
191 2148 297 2232 paries
325 2149 359 2212 in
387 2151 578 2232 perpetuum
605 2151 691 2213 esset
719 2149 773 2233 qui
802 2170 883 2213 onus
912 2149 1086 2215 sustineret
1117 2220 1119 2223 .

78 2236 361 2320 [quemadmodum
380 2237 408 2301 si
426 2237 499 2322 quis
518 2237 665 2317 cavisset,
683 2239 720 2301 ut
737 2237 789 2301 cui
808 2258 889 2301 onus
904 2238 1085 2324 sustineret,

78 2327 105 2388 si
134 2348 172 2389 ea
199 2347 250 2390 res
279 2348 360 2410 quae
389 2327 488 2390 servit
515 2329 548 2390 et
574 2328 667 2390 tuum
695 2347 776 2390 onus
803 2325 916 2410 ferret,
938 2328 1085 2411 perisset,

77 2414 143 2478 alia
166 2416 200 2478 in
222 2417 330 2479 locum
353 2415 422 2480 eius
445 2415 514 2479 dari
538 2414 676 2496 debeat}

166 2528 202 2585 ef.
221 2525 322 2586 Servii
343 2540 487 2602 responsa
511 2528 561 2586 92.
643 2587 646 2592 ,

166 2638 217 2701 61.
245 2636 285 2701 Ι).
304 2635 338 2721 8,
356 2636 430 2719 5,8
455 2634 523 2716 §d
564 2633 726 2718 Ulpianus
753 2635 837 2701 libro
866 2637 1006 2721 septimo
1031 2637 1084 2704 de·

77 2726 159 2789 eimo
197 2725 250 2807 ad¹
275 2724 416 2789 edietum
450 2720 498 2810 (P.
522 2720 611 2811 601).
665 2722 776 2789 Aristo
809 2722 948 2791 Cerellio
980 2724 1084 2792 Vitali

75 2813 244 2897 respondit
341 2813 488 2897 idemque
512 2813 571 2876 ait:
672 2811 824 2878 Alfenum
847 2813 983 2899 denique
1008 2817 1084 2880 sari·

76 2902 152 2966 bere
177 2904 223 2967 ait
245 2923 340 2985 posse
363 2901 410 2965 ita
434 2901 487 2986 agi
505 2902 555 2965 ius
573 2898 705 2966 illinon
724 2923 793 2966 esse
812 2902 848 2966 in
865 2925 924 2968 suo
942 2902 1084 2988 lapidem

76 2991 219 3070 caedere,
242 2994 279 3054 ut
301 2991 335 3054 in
358 3011 466 3053 meum
487 2988 621 3053 fundum
643 2988 829 3074 fragmenta
844 2991 977 3056 cadant.

165 3080 214 3144 62.
231 3079 270 3142 D.
281 3079 311 3163 8,
318 3078 348 3161 5,
358 3080 451 3161 llpr.
472 3078 607 3142 Alfenus
620 3077 704 3143 libro
719 3078 858 3144 seeundo
874 3078 1084 3166 Digestorum

76 3164 125 3250 (P.
140 3164 185 3253 4).
228 3165 263 3232 Si
287 3166 414 3252 qnando
437 3167 523 3230 inter
545 3165 639 3231 aedes
662 3166 756 3230 binas
780 3167 886 3251 paries
910 3172 1004 3249 esset,
1028 3169 1083 3254 qui

75 3255 122 3319 ita
150 3260 294 3321 ventrem
322 3255 457 3337 faceret,
484 3258 521 3319 ut
547 3255 582 3319 in
609 3254 707 3319 vieini
732 3254 863 3321 domum
887 3257 1084 3341 semipedem

76 3349 132 3408 aut
151 3345 291 3429 amplius
310 3344 545 3428 procumberet,
563 3343 617 3428 agi
631 3346 761 3429 oportet
775 3342 938 3430 (oportere
952 3367 1083 3431 respon-

148 3541 162 3588 1
186 3535 222 3590 F.
240 3538 327 3591 teneo.
