2422 3840
93 163 157 226 172
196 162 243 218 VI.
267 160 401 216 OCTAVI
420 159 518 216 SAEC.
536 158 633 214 IURIS
654 157 826 214 consum.
844 156 969 213 sumus
987 158 1106 214 PRIMA

94 330 164 390 erat
183 328 216 390 et
234 337 305 390 earn
324 323 453 388 domino
473 322 617 387 dederat:
636 323 785 387 dominus
803 323 893 406 prius
914 329 1011 405 quam
1031 343 1106 385 eum

96 414 354 496 manumitteret,
392 417 538 477 mortuus
571 415 641 475 erat
672 414 931 495 testamentoque
962 409 1106 475 liberum

95 525 164 567 esse
195 504 335 566 iusserat
365 503 399 564 et
430 501 461 564 ei
487 500 647 583 peculium
676 521 769 564 suum
800 500 975 586 legaverat.
1033 521 1107 563 con-

95 590 229 675 sulebat,
249 612 346 674 quam
365 591 534 673 pecuniam
549 588 678 653 domino
694 588 834 652 dedisset
852 588 894 652 ob
909 588 1106 672 libertatem,

95 702 136 745 an
159 701 231 744 eam
261 679 324 744 sibi
344 678 478 742 heredes
504 678 637 761 patroni
659 677 790 741 reddere
817 676 972 744 deberent
994 699 1105 743 necne.

94 769 272 854 respondit,
295 767 323 832 si
346 789 417 831 eam
439 767 610 850 pecuniam
633 765 794 848 dominus,
816 770 1032 850 posteaquam
1056 788 1107 831 ac-

97 857 249 941 cepisset,
271 856 308 920 in
329 876 404 919 suae
427 854 581 939 pecuniae
603 854 762 920 rationem
784 853 966 938 habuisset,
989 856 1109 920 statim

94 946 214 1010 desisse
247 943 315 1009 eius
347 944 464 1029 peculii
497 965 577 1007 esse:
612 943 668 1007 scd
702 943 730 1006 si
757 942 893 1024 interea,
926 943 1003 1008 dum
1032 965 1108 1008 eum

94 1034 346 1115 manumitteret,
365 1036 532 1115 acceptum
553 1053 645 1096 servo
659 1031 849 1111 rettulisset,
866 1031 968 1096 videri
983 1033 1109 1116 peculii

95 1123 194 1187 fuisse
225 1126 259 1186 et
291 1122 406 1185 debere
438 1120 571 1185 heredes
604 1143 675 1184 eam
707 1120 877 1204 pecuniam
903 1121 1108 1186 manumisso

94 1212 234 1277 reddere.

175 1329 562 1407 'Seh01.adBusil.48‚1,6
578 1328 716 1390 Servium
726 1329 954 1406 respondentem
962 1331 1112 1391 nominat

187 1450 238 1514 16.
255 1448 295 1513 D.
305 1449 358 1530 40,
369 1449 397 1525 1,
409 1449 437 1513 l.
461 1448 549 1513 Idem
564 1447 716 1533 (Alfenus
730 1445 851 1536 Varus)
866 1450 950 1514 libro
966 1451 1108 1534 septimo

97 1536 305 1622 Digestorum
321 1534 448 1622 (Pas).
479 1535 553 1601 Duo
570 1538 632 1601 filii
645 1536 785 1613 familias
799 1537 978 1622 peculiares
993 1560 1109 1604 servos

97 1626 273 1709 separatim
287 1629 421 1708 uterque
435 1625 613 1690 habebant:
628 1647 667 1690 cx
679 1626 731 1691 his
746 1627 830 1691 alter
840 1628 1001 1692 servulum
1011 1649 1111 1692 suum

96 1713 291 1798 peculiarem
314 1713 388 1778 vivo
412 1718 502 1797 patre
525 1715 726 1780 manumisit:
749 1719 841 1800 pater
859 1715 985 1800 utrique
1008 1718 1114 1781 testa·

97 1805 208 1867 mento
238 1803 400 1886 peculium
428 1804 682 1887 praelegaverat.
735 1804 962 1887 quaerebatur,
994 1825 1110 1870 servus

95 1890 160 1955 iste
183 1894 293 1956 utrum
316 1893 485 1957 amborum
509 1914 551 1956 an
574 1893 642 1956 eius
666 1915 686 1956 a
708 1913 771 1975 quo
795 1892 1013 1957 manumissus
1038 1897 1111 1958 erat

96 1979 233 2045 libertus
256 1984 348 2045 esset.
395 1981 571 2065 respondit,
594 1981 622 2044 si
645 1981 736 2065 prius
760 1985 990 2046 testamentum
1011 1985 1110 2065 pater

99 2067 238 2153 fecisset,
261 2092 358 2154 quam
380 2070 465 2135 filius
489 2091 562 2133 eum
585 2068 724 2134 liberum
744 2091 813 2134 csse
831 2069 988 2152 iussisset,
1010 2072 1109 2135 unius

100 2178 168 2221 esse
197 2158 363 2237 libertum,
390 2158 462 2222 ideo
490 2158 575 2243 quod
603 2179 677 2223 eum
700 2179 827 2242 quoque
853 2159 888 2223 in
909 2159 1038 2242 peculio
1061 2161 1108 2222 lc-

99 2267 194 2330 gassa
219 2245 392 2312 videretur:
420 2245 475 2310 sed
505 2247 533 2310 si
555 2249 669 2330 postea
691 2249 923 2312 testamentum
946 2251 1039 2331 pater
1062 2246 1110 2311 fc·

99 2333 209 2416 cisset,
237 2356 302 2399 uon
329 2334 431 2399 videri
458 2357 531 2399 eam
557 2340 699 2401 mentem
726 2336 795 2400 eius
823 2335 937 2419 fuisse,
963 2339 1001 2400 ut
1024 2358 1111 2422 eum,

100 2425 155 2505 qui
170 2423 387 2487 manumissus
402 2426 495 2506 esset,
509 2424 634 2508 legaret
648 2445 783 2508 eumque
799 2446 937 2507 servum,
955 2425 1110 2508 quoniam

98 2511 307 2595 praelegatus
330 2533 396 2576 non
415 2515 508 2593 essct,
531 2516 658 2577 mortuo
678 2517 772 2597 patro
791 2513 960 2578 amborum
979 2534 1109 2578 servum

98 2597 209 2662 fuisse.

471 2684 515 2740 De
532 2687 620 2753 fundo
638 2688 733 2755 leuato.

191 2791 241 2857 17.
271 2791 310 2857 D.
329 2794 381 2877 32,
401 2795 444 2859 60
471 2796 542 2871 §a
579 2794 714 2860 Alfenus
738 2795 822 2861 libro
846 2796 985 2861 secundo
1009 2797 1108 2883 Dige-

100 2882 227 2945 storum
246 2903 265 2946 e
281 2881 382 2946 Paulo
402 2883 651 2967 epitomatorum
666 2882 717 2971 (P.
726 2881 793 2970 39).
824 2883 970 2950 Praediis
989 2887 1108 2970 legatis

100 2975 133 3033 et
161 2991 243 3053 quae
271 2992 383 3035 eorum
411 2972 616 3055 praediorum
642 2974 849 3038 colendorum
877 2995 975 3039 eausa
998 2979 1109 3059 empta

98 3063 279 3143 parataque
306 3066 428 3145 essent,
457 3081 559 3144 neque
586 3062 760 3145 topiarium
786 3083 890 3146 neque
916 3062 1109 3128 saltuarium

100 3147 244 3232 legatum
263 3148 364 3212 videri
383 3150 442 3214 ait:
460 3150 634 3232 topiarium
653 3150 738 3214 enim
753 3150 898 3234 ornandi,
917 3152 1109 3216 saltuarium

57 3241 60 3248 '
102 3240 211 3299 autem
229 3238 342 3302 tuendi
361 3242 394 3301 et
413 3237 614 3302 custodiendi
632 3238 724 3303 fundi
742 3241 847 3323 magis
867 3262 964 3324 quam
982 3240 1108 3305 colendi

100 3329 251 3406 paratum
283 3347 365 3390 esse:
398 3327 523 3390 asinum
555 3327 788 3391 machinarium
820 3329 964 3413 legatum
994 3328 1108 3394 videri:

100 3414 178 3476 item
207 3435 296 3494 oves,
324 3437 403 3496 quae
431 3414 631 3479 stercorandi
658 3414 751 3479 fundi
780 3437 877 3482 causa
901 3422 1107 3502 pararentur:

100 3501 179 3563 item
203 3502 392 3586 opilionem,
415 3503 443 3567 si
467 3503 534 3567 eius
559 3504 686 3588 generis
711 3526 787 3569 oves
812 3510 947 3570 curaret.
