2422 3840
108 145 183 227 Ι318
213 163 288 221 VIII.
304 163 436 220 OCTAVI
450 164 549 220 SAEO.
559 164 656 220 IURIS
672 162 847 222 CONSULT.
858 163 982 219 SERIES
996 163 1134 219 TERTIA

427 325 554 380 Decede
571 325 702 392 facienda
720 327 816 384 locata.

207 425 259 489 86.
286 424 324 490 D.
345 427 400 509 19,
418 427 453 508 2,
472 427 529 511 30,
548 426 578 490 3.
618 424 708 489 Idem
732 421 898 511 (Alfenus)
922 425 1007 489 libro
1030 425 1132 490 tertio

118 512 327 598 Digestorum
360 537 379 579 1
406 513 508 580 Ρ1110
541 515 791 598 epitomatorum
822 512 872 601 (P.
891 513 952 598 54,
971 511 1015 599 3).
1066 513 1133 590 Qui

119 602 231 666 eedem
254 602 435 668 faciendam
454 605 627 684 locaverat,
649 602 684 667 in
702 603 775 688 lege
794 603 931 667 dixerat:
959 601 1076 686 ‘quoad
1095 603 1131 666 in

118 711 199 774 opns
227 691 344 774 lapidis
368 714 449 776 opus
472 693 548 776 crit,
575 713 636 775 pro
657 691 766 775 lapide
790 695 823 755 et
846 691 1049 775 manupretio
1074 691 1131 757 do·

118 779 225 844 minus
248 781 444 865 redemptori
467 782 502 845 in
523 780 621 865 pedes
644 779 1131 864 1118111111111111111111131

118 866 230 933 dabit'.
276 870 458 952 quaesitum
488 874 554 952 est,
580 872 689 934 utrum
705 868 835 934 factum
859 891 939 953 opus
965 891 1007 933 an
1030 869 1130 933 etiam

116 957 330 1108 ifnperfectum
353 958 462 1023 metiri
487 961 662 1041 oporteret.
706 959 875 1041 respondit
898 958 997 1023 etiam
1019 958 1130 1043 inper-

49 1059 54 1068 ‘
132 1048 246 1110 ectum.

206 1149 242 1208 of.
267 1147 363 1209 Servii
385 1167 529 1226 responsa
553 1151 625 1208 123.

395 1299 439 1356 De
456 1301 588 1356 mercibus
605 1301 731 1355 vehendis
749 1301 853 1356 locetis.

208 1401 259 1464 87.
287 1399 325 1464 D.
345 1401 400 1478 19,
418 1402 453 1485 2,
472 1401 501 1465 7.
537 1399 657 1464 Paulus
684 1401 767 1465 libro
790 1400 888 1465 tertio
912 1400 1128 1485 epitomarum

117 1487 229 1553 Alfeni
252 1486 462 1573 Digestorum
485 1487 534 1572 (P.
553 1487 620 1574 55).
667 1487 748 1555 Dum
778 1489 929 1573 depresso
956 1491 1048 1554 navis
1072 1495 1129 1555 aut

53 1574 56 1579 ’
118 1577 241 1641 deiecta
264 1581 358 1659 esset,
381 1578 465 1660 quod
489 1577 623 1662 quisque
643 1599 682 1642 ex
701 1600 739 1643 ea
758 1600 852 1642 suum
871 1582 1041 1656 servasset,
1065 1579 1129 1643 sibi

119 1686 246 1730 servare
269 1667 449 1750 respondit,
472 1669 628 1751 tanquam
652 1689 690 1730 ex
712 1667 870 1733 incendio.

206 1777 244 1836 cf.
268 1776 365 1836 Servii
387 1795 533 1852 response
559 1780 631 1839 125.

393 1976 396 1981 ·
519 1957 566 2015 De
587 1944 725 2016 societate.

206 2073 257 2140 88.
286 2073 324 2139 D.
345 2074 401 2156 17,
419 2076 454 2159 2,
475 2075 515 2140 71
532 2096 580 2159 pr.
621 2073 711 2139 Idem
740 2072 891 2160 (Paulus)
921 2075 1004 2139 libro
1029 2075 1129 2140 tertio

118 2163 332 2246 epitomarum
359 2162 470 2227 Alfeni
497 2163 706 2249 Digestorum
731 2161 780 2249 (P.
799 2162 841 2228 51
857 2160 930 2248 pn).
975 2162 1048 2227 Duo
1078 2185 1130 2228 so·

118 2252 268 2317 cietetem
296 2252 456 2334 coierunt,
484 2255 521 2316 ut
543 2252 788 2337 grammaticam
812 2252 964 2319 docerent
987 2255 1019 2318 et
1042 2253 1130 2336 quod

118 2362 157 2404 ex
190 2363 227 2408 eo
260 2340 398 2405 artificio
431 2345 584 2425 quaestus
598 2382 600 2386 ψ
616 2341 781 2418 fecissent,
814 2362 984 2405 commune
1017 2363 1129 2405 eornm

118 2433 213 2493 11111.
254 2429 292 2494 (11
316 2451 354 2495 11
372 2450 406 2493 re
426 2450 508 2512 quae
525 2428 696 2495 voluerunt
713 2429 782 2493 fieri
801 2429 949 2513 inpacto
969 2433 1128 2494 convento

118 2517 283 2581 societatis
315 2518 586 2601 proscripserunt,
619 2517 732 2582 deinde
760 2518 845 2582 inter
875 2540 909 2582 sc
939 2518 990 2582 his
1020 2519 1129 2582 verbis

118 2605 268 2688 stipulati
293 2609 381 2669 sunt:
406 2604 513 2688 ‘haec,
535 2627 617 2691 quae
641 2628 739 2691 supra
762 2606 881 2691 scripta
905 2611 994 2690 sunt,
1020 2607 1130 2671 11111

118 2692 188 2756 (1111
220 2693 290 2757 fieri
321 2715 424 2777 neque
457 2693 610 2759 adversus
640 2716 678 2759 11
706 2694 797 2758 fieri?
847 2697 875 2759 11
905 2717 943 2760 11
973 2697 1020 2759 111
1051 2695 1130 2759 data

117 2781 204 2847 fucta
227 2804 294 2846 non
317 2786 424 2866 erunt,
447 2787 515 2849 tum
538 2783 655 2869 uiginti
678 2784 769 2849 milia
792 2783 897 2850 dori?
944 2784 1128 2867 quaesitum

118 2876 177 2953 est,
200 2892 250 2953 an,
274 2871 302 2935 si
326 2871 403 2956 quid
423 2875 536 2937 contre
555 2873 678 2938 facturn
697 2875 792 2954 esset,
817 2872 981 2937 societatis
1001 2873 1128 2937 actione

37 2963 39 2967 ’
118 2959 172 3042 agi
194 2963 315 3044 posset.
351 2960 527 3044 respondit,
551 2963 579 3028 si
600 2961 730 3046 quidem
748 2966 844 3044 pacto
864 2966 1022 3026 convento
1041 2962 1130 3025 inter

117 3070 172 3113 eos
204 3050 243 3113 de
277 3049 431 3115 societate
462 3049 549 3115 fecto
578 3051 624 3117 ite
652 3050 799 3134 stipulati
827 3056 935 3115 essent
963 3049 1053 3114 ‘haec
1080 3050 1129 3113 ita

117 3137 188 3203 dari
210 3138 281 3202 ficri
304 3137 488 3222 spondes‘i',
516 3139 660 3206 futurum
683 3139 796 3222 fuisse,
820 3144 856 3204 ut
880 3140 921 3219 [si
943 3139 1128 3206 novationis

118 3248 216 3292 causa
238 3227 273 3291 id
294 3227 468 3310 fecissent]
492 3249 551 3312 pro
576 3229 662 3295 socio
687 3227 741 3310 agi
759 3249 825 3296 non
844 3227 958 3312 possit,
982 3227 1037 3293 sed
1056 3231 1130 3292 tota

116 3336 168 3379 res
190 3316 226 3380 in
244 3316 490 3400 stipulationem
510 3316 670 3383 translata
689 3315 860 3382 videretur.
898 3316 954 3382 sed
974 3317 1129 3401 quoniam

42 3428 44 3433 ·
116 3424 181 3468 non
210 3405 255 3468 111
284 3408 392 3468 essent
420 3404 567 3489 stipulati
594 3404 644 3470 ‘ea
670 3405 719 3469 ita
747 3405 815 3470 deri
843 3404 914 3471 fieri
942 3403 1129 3488 ‘spondesi'

179 3538 197 3584 1
218 3533 257 3587 F.
277 3536 394 3604 septem.
