2430 3840
146 166 210 231 194
247 167 293 224 VI.
318 165 449 222 ocTAvl
468 164 567 222 SAEG.
585 166 682 223 Iulus
701 166 871 223 CONSULT.
892 167 1017 222 sufflas
1035 167 1156 224 PRIMA

144 334 241 396 vento
262 333 317 395 aut
336 330 466 395 omnino
486 330 594 414 aliqua
608 331 640 403 vi
654 331 853 396 extrinsecus
868 331 999 395 admota
1015 333 1152 416 caderet,

145 420 201 483 sed
225 419 310 503 quod
332 419 439 501 ipsum
461 441 519 500 per
543 441 575 482 se
599 418 787 484 concideret.

234 505 305 573 84l.
337 508 375 571 D.
394 507 447 592 39,
461 508 489 590 2,
510 508 561 588 24,
576 507 606 572 4.
641 506 728 571 Idem
750 505 939 595 (Ulpianus)
962 507 1043 573 libro
1063 513 1151 574 octo-

145 599 290 681 gensimo
309 596 414 679 primo
434 596 474 659 ad
492 597 630 661 edietum
646 593 693 679 (P.
710 594 821 682 1753).
853 595 983 661 Servius
1002 645 1028 663 ..
1047 603 1151 681 putat,

145 685 173 750 si
197 708 234 749 ex
258 685 387 750 aedibus
412 685 619 769 promissoris
638 688 735 750 vento
753 687 884 770 tegulae
904 685 1045 750 deiectae
1064 687 1151 752 dam-

145 797 221 838 num
244 774 348 838 vicino
372 772 531 856 dederint,
553 773 601 838 ita
624 795 696 837 eum
719 775 835 856 teneri,
860 775 888 838 si
912 775 1049 840 aedificii
1072 776 1151 841 vitio

144 863 176 925 id
200 862 364 940 acciderit,
395 883 461 926 non
490 863 518 926 si
546 862 700 927 violentia
723 867 891 926 ventorum
919 864 971 927 vel
999 886 1063 947 qua
1087 866 1152 928 alia

142 952 277 1033 ratione,
300 972 381 1035 quae
404 951 470 1014 vim
493 951 593 1015 habet
615 950 765 1017 divinam.

232 1040 283 1105 85.
320 1039 359 1103 D.
383 1039 440 1123 39,
459 1041 493 1124 2,
516 1039 573 1120 43,
594 1039 622 1104 1.
676 1039 813 1104 Alfenus
844 1039 952 1104 Varus
984 1040 1069 1106 libro
1104 1063 1152 1104 se·

143 1129 246 1193 cundo
270 1128 477 1214 Digestorum
501 1126 551 1213 (P.
571 1125 615 1213 5).
661 1126 743 1192 Oum
767 1128 924 1212 parietem
947 1150 1151 1194 communem

144 1217 309 1282 aedificare
337 1217 408 1302 quis
436 1239 509 1281 cum
534 1217 640 1281 vicino
664 1218 773 1300 vellet,
800 1217 986 1301 priusquam
1010 1222 1151 1285 veterem

144 1306 347 1388 demolirent,
379 1305 488 1369 damni
519 1303 631 1370 inlecti
660 1306 766 1370 vicino
793 1304 979 1388 repromisit
1007 1306 1152 1392 adeoque

143 1396 352 1476 restipulatus
381 1397 442 1458 est:
470 1399 680 1478 posteaquam
708 1394 814 1478 paries
838 1396 986 1458 sublatus
1010 1401 1097 1460 esset
1120 1402 1153 1461 et

144 1484 342 1547 habitatores
370 1503 409 1545 ex
436 1482 549 1546 vicinis
578 1483 739 1547 cenaculis
767 1484 993 1567 migrassent,
1025 1485 1151 1549 vicinus

144 1571 184 1635 ab
216 1593 252 1634 eo
283 1571 478 1654 mercedem,
511 1592 608 1654 quam
640 1571 840 1636 habitatores
873 1594 940 1636 non
971 1572 1150 1656 redderent,

142 1663 251 1743 petere
275 1660 357 1723 vult:
382 1659 562 1742 quaesitum
587 1663 645 1745 est,
668 1682 709 1723 au
732 1663 819 1724 recte
842 1664 938 1743 petet
984 1663 1152 1745 respondit

142 1771 208 1813 non
235 1749 414 1831 oportuisse
443 1769 511 1831 eos,
539 1770 612 1812 cum
635 1770 838 1813 communem
860 1748 1018 1833 parietem
1042 1751 1151 1814 aedifi-

143 1841 263 1920 carent,
281 1837 365 1901 inter
389 1859 422 1900 se
446 1837 669 1922 repromittere
692 1858 793 1921 neque
812 1839 879 1903 ullo
898 1836 993 1902 modo
1013 1839 1151 1903 alterum

144 1928 184 1990 ab
201 1926 302 1991 altero
317 1927 390 2010 cogi
405 1927 561 2008 potuisse:
584 1926 639 1990 sed
655 1927 682 1990 si
696 1927 834 1990 maxime
851 1927 1151 2013 [repromitterent],

141 2019 251 2081 tamen
274 2037 338 2079 non
363 2015 545 2099 oportuisse
573 2015 711 2098 amplius
740 2036 836 2098 quam
859 2017 961 2098 partis
990 2015 1151 2099 dimidiae,

142 2123 206 2188 quo
230 2105 366 2188 amphus
394 2126 435 2167 ne
463 2105 603 2168 extrario
632 2103 760 2187 quidem
785 2105 967 2189 quisquam,
995 2127 1068 2169 cum
1096 2128 1151 2190 pa-

140 2195 255 2257 rietem
289 2213 489 2257 communem
522 2191 719 2275 aedificaret,
756 2193 981 2274 repromittere
1010 2193 1150 2258 deberet

143 2282 211 2362 [sed
248 2282 399 2364 quoniam
434 2280 500 2343 iam
532 2278 565 2343 in
598 2282 704 2343 totum
736 2281 1008 2364 repromisissent,
1046 2305 1150 2364 omne,

142 2370 226 2453 quod
254 2369 437 2433 detrimenti
461 2389 500 2431 ex
523 2367 667 2432 mercede
690 2368 813 2432 vicinus
836 2368 979 2454 fecisset,
1005 2376 1150 2454 praesta-

142 2463 257 2521 turum.

231 2455 282 2610 8d.
300 2542 410 2624 Ibida
421 2544 441 2607 2
452 2542 501 2629 (Ρ.
511 2540 555 2630 5).
577 2541 666 2608 Idem
678 2546 874 2627 consulebat,
887 2551 1048 2632 possetne,
1063 2551 1149 2632 quod

142 2634 183 2698 ob
208 2654 278 2697 eam
302 2654 370 2696 rem
394 2634 547 2714 dedisset,
570 2655 681 2698 rursus
703 2639 856 2718 repetere,
879 2635 1033 2719 quoniam
1057 2639 1150 2703 resti·

140 2722 272 2806 pulatus
295 2726 380 2786 esset
403 2744 422 2785 a
446 2722 560 2805 vicino,
584 2723 612 2787 si
636 2723 712 2806 quid
735 2724 776 2787 ob
801 2745 871 2787 eam
891 2746 970 2802 rem,
993 2726 1079 2810 quod
1103 2728 1149 2791 ibi

142 2810 345 2876 aedificatum
369 2814 462 2894 esset,
486 2811 548 2875 sibi
571 2810 723 2877 damnum
747 2813 858 2876 datum
881 2817 974 2896 esset,
996 2814 1029 2877 id
1047 2815 1147 2898 reddi,

142 2922 215 2966 cum
243 2905 277 2964 et
303 2899 408 2982 ipsam
435 2900 517 2963 hanc
544 2902 728 2983 pecuniam,
760 2922 856 2985 quam
880 2901 985 2987 daret,
1015 2909 1148 2987 propter

139 2989 220 3054 illud
248 3010 328 3071 opus
357 2989 512 3071 perderet.
557 2988 723 3073 respondit
750 3010 815 3053 non
840 3011 949 3073 posse,
976 2996 1148 3076 propterea

142 3079 217 3163 quia
239 3099 304 3141 non
322 3077 433 3159 operis
453 3079 540 3160 vitio,
564 3077 619 3141 sed
638 3099 677 3141 ex
696 3077 903 3160 stipulatione
921 3079 954 3143 id
974 3081 1147 3146 amitteret.

230 3167 281 3233 87.
312 3164 350 3231 D.
369 3165 421 3247 39,
439 3167 469 3244 2,
487 3166 540 3243 24,
558 3170 587 3232 5.
632 3165 792 3249 Ulpianus
819 3167 901 3232 libro
926 3171 1146 3253 octogensimo

139 3257 246 3338 primo
274 3254 314 3318 ad
338 3254 476 3319 edictum
500 3251 549 3341 (P.
571 3252 680 3341 1753).
725 3254 815 3319 Idem
839 3253 968 3321 Servius
991 3262 1094 3341 putat,
1119 3260 1146 3322 si

141 3343 358 3409 controversia
377 3366 478 3428 aquae
496 3344 637 3408 insulam
657 3343 860 3430 subverterit,
882 3344 994 3409 deinde
1013 3347 1146 3431 stipula·

140 3435 222 3497 toris
251 3432 395 3497 aedificia
418 3432 602 3515 ceciderint,
628 3431 711 3495 nihil
735 3453 808 3497 eum
831 3455 870 3497 ex
893 3435 1050 3519 stipulatu
1073 3458 1146 3500 con-

122 3523 330 3605 secuturum,
361 3520 439 3607 quia
467 3521 501 3587 id
528 3543 590 3588 nec
617 3522 723 3607 operis
750 3542 809 3586 uec
832 3522 896 3586 loci
919 3525 996 3587 vitio
1024 3523 1146 3589 factum
