2422 3840
64 244 65 248 ,
106 184 171 251 246
208 186 269 243 VII.
290 185 424 241 OCTAVI
443 184 541 242 SAEO.
554 185 650 241 lorus
666 182 838 241 CONSULT.
853 183 928 241 SED.
944 182 1117 242 SECUNDA

105 365 156 424 De
182 366 374 426 verborum
402 382 492 441 quae
515 363 635 422 adius
659 362 767 422 civile
790 363 979 438 pertinent
1002 364 1121 443 signi·

413 452 588 513 ficatione
612 451 700 511 libri
724 443 819 532 (HF).-

193 568 275 628 Aelii
298 566 380 628 Galli
402 567 472 626 libri
495 567 658 627 laudantur
680 587 699 626 a
716 566 823 626 Verrio
847 567 954 628 Flacco
977 568 1011 626 in
1033 566 1120 628 Festi

106 659 235 736 epitome
255 649 307 739 (cf.
326 653 635 731 Teuffel-Schwabe§
656 658 729 734 208,
749 649 793 734 4),
812 673 831 714 0
849 654 946 716 Gellio
967 659 1019 735 16,
1040 660 1068 730 5,
1091 661 1119 733 3,

107 767 126 807 a
152 746 257 807 Servio
284 744 481 824 grammatico
510 739 800 825 (Teuffel-Schwabe
823 742 843 820 ξ
866 736 962 827 431),
989 745 1119 824 denique

107 856 126 896 a
161 833 358 911 Triboniano,
399 833 450 910 qui
486 834 689 911 fragmentum
724 833 757 892 in
791 833 953 892 Iustiniani
989 833 1119 910 Digesta

106 924 220 1000 recepit
247 916 296 1002 (D.
321 924 377 1000 50,
403 925 458 998 16,
483 914 575 1004 157),
608 923 672 981 sino
703 921 793 981 dubio
826 941 886 982 non
918 943 955 982 ex
986 924 1120 1001 genuino

107 1032 204 1091 opere,
227 1011 280 1072 sed
303 1031 339 1071 ex
360 1011 536 1087 posterioris
559 1012 625 1071 aeui
642 1011 718 1070 iuris
737 1011 874 1090 consulti,
898 1013 1029 1072 fortasse
1050 1010 1120 1072 Gaii

105 1102 206 1179 libris,
238 1100 347 1176 quippe
380 1100 433 1177 qui
460 1093 591 1159 ‘Aelium
620 1093 754 1160 Gallum’
781 1099 858 1160 libro
882 1099 927 1160 VI
953 1100 992 1160 ad
1020 1102 1121 1179 legem

107 1190 265 1250 duodecim
291 1187 465 1248 tabularum
492 1188 629 1249 laudavit
652 1181 702 1266 (D.
726 1191 782 1261 22,
807 1191 841 1266 1,
865 1181 931 1269 19).
978 1193 1061 1249 certe
1089 1191 1121 1249 in

106 1279 235 1338 indicem
262 1278 471 1337 Florentinum
497 1277 578 1336 Aelii
601 1275 682 1337 Gelli
710 1278 782 1337 libri
808 1279 922 1354 recepti
948 1297 1011 1339 non
1038 1282 1119 1339 sunt.

106 1367 213 1427 Gallus
232 1380 445 1441 saepenumero
459 1385 507 1426 100
522 1359 669 1425 ‘definire'
683 1365 794 1426 dicitur
808 1358 902 1448 (Fest.
915 1387 945 1428 v.
957 1368 1120 1446 possessio,

107 1458 216 1533 saltus,
249 1455 354 1530 stirps,
389 1453 482 1515 Gaius
513 1454 551 1514 D.
581 1457 637 1532 50,
662 1457 717 1532 16,
741 1447 812 1537 37),
842 1457 893 1516 vel
923 1474 971 1516 res
1005 1457 1121 1517 similes

107 1537 317 1619 ‘distinguere'
342 1536 437 1625 (Fest.
457 1563 483 1602 v.
506 1547 629 1603 senatus
652 1535 821 1626 decretum)
844 1545 894 1605 vel
917 1545 1024 1606 docere
1047 1546 1121 1623 quid

106 1633 187 1692 inter
210 1650 260 1691 cas
283 1632 403 1692 intersit
426 1625 519 1710 (Fest
542 1652 569 1694 v.
593 1624 734 1712 rogatio).

196 1720 280 1781 Libri
310 1721 399 1796 primi
431 1722 601 1797 fragmenta
628 1723 758 1781 afferunt
786 1725 817 1782 et
839 1720 964 1782 Verrius
992 1721 1121 1782 Flaccus

22 1799 24 1804 ’
107 1813 137 1868 01
161 1810 371 1889 Tribonianus,
399 1810 471 1869 libri
498 1810 620 1870 secundi
645 1810 766 1870 Verrius
790 1810 917 1870 Flaccus
945 1814 976 1870 et
1002 1809 1121 1871 Gellius

106 1900 151 1958 ita
182 1898 315 1976 quidem,
346 1903 383 1958 ut
413 1917 461 1957 res
494 1899 531 1958 ab
557 1899 645 1959 Aelio
673 1898 760 1959 Gallo
793 1900 896 1959 ordine
927 1899 1120 1976 alphabetico

107 1987 268 2065 dispositae
295 1988 455 2048 videantur
481 1988 587 2048 fuisse:
619 1989 789 2067 fragmenta
816 1989 896 2047 enim
922 2008 959 2048 ex
986 1989 1119 2049 secundo

106 2077 183 2136 libro
215 2078 310 2136 allata
341 2077 379 2135 ad
410 2075 529 2135 litteras
557 2076 662 2136 RSTV
694 2079 859 2156 pertinent,
890 2077 1052 2151 111101οΡ
1086 2097 1123 2136 ex

105 2165 202 2242 primo
226 2166 304 2225 libro
328 2165 448 2225 citatur.
492 2166 529 2224 cf.
548 2165 666 2225 Sobocll
688 2166 764 2244 legis
782 2162 842 2224 XII
864 2166 946 2225 tabb.
970 2166 1121 2243 reliquiae

105 2274 134 2329 p.
154 2256 196 2314 28
219 2275 247 2314 n.
268 2257 297 2313 2.
343 2253 432 2313 011101
460 2255 551 2314 sentit
577 2253 792 2314 Reitzenstein:
820 2253 982 2314 Breslauer
1009 2254 1121 2314 Philol.

106 2343 349 2421 Abhandlungen
370 2343 386 2401 I
418 2335 641 2424 (Verrianiscbe
664 2333 891 2426 Forscbungen)
914 2364 943 2420 p.
968 2344 1011 2402 84
1034 2363 1065 2402 n.
1091 2346 1121 2405 2.

105 2432 223 2506 glossas
248 2450 344 2507 usque
372 2431 410 2490 ad
432 2432 456 2490 P
480 2431 618 2492 litteram
639 2432 746 2510 priori,
773 2430 904 2508 reliquas
928 2432 1018 2491 alteri
1040 2433 1121 2492 libro

106 2518 259 2595 adscripsi.

531 2618 639 2676 Liber
667 2618 691 2677 I.

533 2724 689 2780 ‘Fructus'

199 2826 225 2886 1.
257 2821 296 2888 D.
321 2826 541 2911 22,1,1901.
588 2824 688 2890 Gaius
715 2825 800 2890 libro
829 2828 920 2891 sexto
949 2824 990 2891 ad
1013 2827 1123 2911 legem

108 2910 276 2976 duodecim
307 2915 491 2978 tabularum
518 2911 568 3000 (Ρ.
591 2912 680 3000 440).
731 2911 846 2980 Gallus
874 2914 985 2979 Aelius
1015 2917 1123 2999 putat,

107 3002 136 3065 si
159 3003 356 3068 vestimenta
378 3007 436 3068 aut
459 3003 602 3087 scyphus
625 3004 728 3088 petita
751 3003 829 3088 sint,
851 3002 1018 3068 infructu
1041 3003 1123 3068 haec

105 3091 305 3155 numeranda
333 3113 416 3171 esse,
445 3113 526 3177 quac
552 3093 660 3157 locata
688 3114 725 3157 00
750 3113 785 3157 10
808 3092 965 3157 mercedis
987 3092 1123 3158 nomine

106 3181 178 3264 capi
200 3181 373 3262 potuerint.
1065 3197 1066 3200 ’

195 3283 232 3341 cf.
256 3282 293 3341 D.
318 3285 447 3358 50,16,
469 3286 545 3343 11.»
574 3283 657 3342 Idem
690 3275 833 3363 (Paulus)
867 3283 944 3343 libro
976 3286 1123 3360 quiaqua-

107 3371 242 3444 gensimo
265 3389 343 3431 nono
367 3373 406 3430 ad
430 3371 560 3431 edictum
579 3369 625 3447 (P.
646 3363 734 3453 715).
776 3373 919 3431 Fructum
941 3391 995 3447 pro
1020 3372 1124 3432 reditu

108 3460 253 3533 appellari
359 3461 497 3520 Iulianus
530 3461 634 3521 scribit
741 3461 927 3520 frumentum
960 3463 1064 3521 autem
1091 3462 1124 3521 id

93 3561 170 3624 esse,
196 3549 281 3624 quod
303 3551 402 3613 arista
425 3570 458 3614 se
482 3553 601 3633 teneat,
623 3552 709 3611 recte
730 3548 856 3610 ballum
874 3549 1022 3608 debuisse,
