2422 3840
18 893 21 897 ,
71 789 102 886 Ι.
144 787 335 889 QUINTI
367 787 602 886 SAEOULI
633 788 781 888 IURIS
817 788 1081 888 CONSULTI

73 973 97 1021 1.
116 966 224 1036 Appius
245 965 377 1020 Claudius
395 964 507 1021 Caecus
532 997 567 1005 -
590 973 614 1020 2.
634 965 682 1022 Cn.
700 966 820 1023 Flavius.
841 999 873 1007 —
893 972 917 1022 3.
938 966 967 1022 C.
987 967 1080 1037 Scipio

71 1038 184 1092 Nasica.
205 1068 238 1076 —
257 1044 283 1093 4.
298 1037 329 1091 P.
345 1037 523 1106 Sempronius
542 1039 659 1108 Sophus.
680 1068 712 1077 -
733 1045 757 1092 o.
772 1038 814 1093 Ti.
830 1039 1026 1094 Coruncanius.
1045 1069 1079 1079 —

392 1113 415 1161 6.
435 1107 573 1178 Anonymi
588 1125 762 1179 responsum.

226 1287 264 1367 l.
299 1291 469 1364 APPIUS
497 1291 727 1364 CLAUDIUS
755 1291 934 1364 OAEOUS

160 1436 265 1477 censor
288 1411 437 1496 442s312,
461 1437 518 1477 cos.
538 1413 687 1498 russos,
711 1412 996 1480 assumebas.

160 1533 343 1609 Pomponius
367 1531 386 1608 ξ
407 1535 448 1594 36
478 1527 604 1609 ‘Appius
629 1533 771 1593 Claudius
798 1552 876 1592 unus
905 1554 939 1593 ex
967 1535 1078 1594 decem-

69 1622 143 1680 viris
168 1622 359 1697 Appius
406 1621 548 1681 Claudius
589 1622 722 1682 eiusdem
762 1623 879 1699 generis
920 1624 1080 1682 maximam

70 1711 228 1769 scientiam
251 1704 377 1770 habuit?
423 1711 488 1770 Liv.
510 1713 560 1786 10,
581 1713 620 1768 22
646 1706 763 1769 ‘sollers
786 1705 880 1769 iuris?

160 1799 342 1875 Pomponius
366 1800 384 1858 l.
408 1800 427 1857 l.
527 1793 617 1856 ‘hunc
645 1799 736 1857 stiam
765 1799 897 1858 actiones
925 1800 1078 1875 scripsisse

69 1888 219 1947 traditum
252 1890 298 1947 est
328 1888 459 1963 primum
492 1888 528 1945 de
560 1885 805 1961 usurpationibus
836 1888 887 1963 qui
916 1888 992 1947 liber
1019 1907 1077 1946 non

70 1970 191 2036 exstat'
232 1974 405 2036 Orationem
428 1980 599 2051 corruptam
617 1975 780 2034 Mommsen
800 1974 968 2035 emendavit
986 1977 1077 2035 verbo

70 2059 236 2124 ‘actiones'
279 2065 376 2124 deleto
419 2067 497 2141 quod
538 2064 659 2140 irrepsit
695 2083 730 2122 ex
771 2061 791 2138 ξ
826 2066 844 2123 7
852 2085 859 2121 :
995 2057 1078 2122 ‘cum

68 2154 189 2230 Appius
205 2152 348 2213 Claudius
366 2153 572 2230 proposuisset
591 2157 622 2212 st
640 2153 678 2212 ad
696 2155 823 2211 formam
841 2152 1005 2228 redegisset
1023 2153 1078 2212 has
1193 2150 1195 2153 ’

69 2235 216 2301 actiones'
237 2287 244 2302 .
259 2285 267 2301 .
304 2244 399 2302 oratio
419 2246 499 2301 certe
514 2242 676 2317 simplicior
689 2241 782 2314 ficret,
802 2241 909 2301 sicum
923 2241 1077 2301 Huscbkio

67 2350 123 2406 pro
144 2325 296 2406 ‘primum'
315 2330 415 2406 potius
434 2324 568 2389 ‘librum'
588 2331 754 2408 legeremus
773 2333 803 2388 st
816 2329 1015 2405 Pomponium
1034 2331 1078 2390 ita

67 2421 133 2478 fers
153 2420 305 2495 scripsisse
325 2422 536 2478 conicersmus:
557 2413 647 2478 ‘hunc
662 2420 753 2477 etiam
767 2419 919 2494 scripsisse
933 2419 1078 2478 traditum

68 2512 116 2567 est
144 2508 255 2566 librum
279 2508 315 2566 (16
337 2508 596 2584 usurpationibus,
625 2507 676 2583 qui
700 2506 776 2564 liber
798 2526 857 2564 non
881 2502 998 2566 exstat?
1045 2511 1077 2566 at

67 2596 252 2672 Pomponius
276 2597 306 2656 id
329 2597 449 2655 videtur
472 2597 569 2654 dicere
592 2595 735 2670 voluisse,
761 2595 895 2671 Appium
918 2595 1077 2654 Claudium

67 2686 203 2762 primum
229 2685 365 2760 proprias
393 2686 556 2744 sententias
585 2686 615 2742 et
642 2683 794 2759 opiniones
822 2684 931 2742 litteris
954 2685 1076 2743 manda·

66 2776 161 2850 visse,
191 2793 258 2832 cum
284 2793 380 2848 nequo
403 2774 525 2833 Flavius
552 2791 648 2848 neque
672 2773 809 2846 Papirius
837 2766 890 2830 ‘dc
914 2790 967 2831 suo
991 2773 1076 2849 quid-

66 2855 170 2940 quam'
197 2862 382 2921 adiecissent.
419 2864 456 2922 cf.
480 2861 676 2936 Pomponium
698 2857 739 2935 ἐξ
760 2863 787 2920 2.
808 2863 835 2920 7.

326 3021 376 3079 De
400 3020 699 3096 usurpationibus
722 3019 822 3078 liber.

158 3137 240 3194 Num
276 3136 410 3195 extiterit
446 3135 563 3194 omnino
600 3134 687 3210 liber,
724 3135 786 3193 sins
823 3135 939 3193 ratione
970 3134 1077 3193 idonea

66 3226 234 3284 dubitatur.
275 3225 358 3284 Ioers
376 3223 657 3284 Rechtswisssnsch.
673 3223 689 3281 Ι
707 3243 735 3298 p.
751 3225 801 3282 87.
839 3223 874 3281 (16
899 3241 932 3281 66
955 3226 1075 3282 tantum

65 3313 201 3375 dubitari
223 3315 327 3390 possit,
349 3333 421 3372 num
444 3312 561 3388 Appius
583 3311 729 3371 Claudius
750 3311 828 3371 iibri
848 3314 959 3371 auctor
979 3309 1101 3366 iusim.

66 3403 202 3461 mihine
225 3403 256 3460 id
280 3402 395 3479 quidam
420 3401 554 3466 dubium.
602 3402 898 3466 Teuffei-Scbwaba
918 3397 946 3474 ξ
963 3399 1026 3454 ‘bb-

861 3498 903 3557 st
