2422 3840
93 143 135 208 92
174 143 222 199 IV.
242 141 386 198 SEPTIMI
399 141 498 198 SAEO.
513 141 608 196 Iulus
629 140 804 197 consuis.
820 138 944 195 sumus
958 139 1109 209 ALTERA

93 317 159 372 tum
187 312 223 370 de
251 311 367 371 actione
394 311 426 369 in
453 310 580 386 duplum
607 310 673 387 lege
700 309 758 368 XII
784 308 958 368 tabularum
986 310 1110 368 statuta

95 401 248 476 scripsisse
276 400 402 460 videtur.
449 401 486 460 cf.
511 399 633 458 Pernice
656 399 755 458 1435
785 401 816 457 61
842 397 922 456 infra
948 396 985 456 de
1010 397 1108 458 furto.

424 579 478 650 [De
496 578 650 633 venditione
668 577 773 648 fundi]

183 688 212 751 2.
236 686 348 752 Cicero
368 688 406 751 de
426 688 509 752 offic.
529 686 690 771 3,16,65.
709 723 751 733 -
772 736 801 754 ..
820 687 859 751 de
882 687 951 751 iure
975 684 1109 769 quidem

94 776 299 858 praediorum
328 782 474 841 sanctum
502 777 587 862 apud
614 797 674 840 nos
702 779 752 839 est
778 774 848 839 iure
875 775 977 857 civili,
1005 777 1045 838 ut
1073 776 1108 839 in

93 864 133 928 iis
161 865 334 929 vendendis
362 865 442 929 vitia
471 865 665 945 dicerentur,
692 885 773 947 quae
796 868 876 928 6616
899 866 1007 928 633661
1031 885 1110 928 ven-

94 953 200 1017 ditori.
230 948 314 1017 'nam
338 975 435 1037 quum
460 976 498 1017 ex
517 953 688 1034 ¹duodecim
711 952 831 1017 tabulis
856 953 935 1017 satis
958 955 1048 1017 esset
1071 973 1110 1016 ea

93 1042 262 1126 praestari,
281 1063 363 1126 quae
383 1045 491 1106 essent
504 1041 617 1126 lingua
630 1046 824 1125 nuncupata,
842 1062 924 1125 quae
939 1039 996 1125 qui
1008 1039 1110 1105 infiti-

94 1135 166 1194 atus
199 1133 297 1213 esset,
330 1130 418 1214 dupli
450 1152 589 1215 poenam
623 1130 760 1215 subiret,
792 1153 812 1194 a
838 1129 918 1194 iuris
946 1129 1109 1194 consultis

94 1220 191 1284 etiam
209 1219 398 1283 reticentiae
416 1241 541 1302 poenae
560 1223 609 1284 est
627 1220 812 1284 constituta.
846 1217 999 1303 quidquid
1018 1218 1108 1283 enim

94 1313 179 1371 esset
202 1308 236 1371 in
254 1308 385 1391 praedio
404 1309 485 1390 vitii,
507 1307 540 1372 id
565 1311 758 1386 statuerunt,
783 1309 811 1372 si
830 1307 1109 1390 venditorsciret,

94 1395 158 1459 nisi
181 1397 372 1460 nominatim
396 1397 519 1461 dictum
542 1403 640 1478 esset,
663 1397 822 1480 praestari
846 1399 1004 1479 oportere.

185 1486 215 1550 3.
238 1482 277 1548 D.
298 1486 348 1568 18,
368 1486 397 1568 2,
418 1487 457 1550 11
481 1489 497 1549 1
519 1491 551 1550 61
572 1487 612 1551 13
622 1509 670 1570 pr.
710 1485 868 1568 Ulpianus
893 1485 975 1549 libro
999 1484 1107 1550 vicen·

96 1573 178 1636 simo
198 1578 312 1638 octavo
332 1574 371 1637 ad
391 1572 544 1639 Sabinum
562 1572 611 1660 (P.
626 1572 736 1660 2710).
845 1571 983 1638 Sabinus
1003 1573 1062 1661 ait,
1079 1575 1108 1638 si

96 1663 201 1725 tribus
220 1663 432 1727 vendentibus
451 1664 514 1727 duo
533 1663 706 1746 posteriori
724 1661 914 1744 addixerint,
936 1684 1019 1726 nnus
1038 1685 1109 1728 non

96 1748 262 1814 admiserit
286 1751 509 1834 adiectionem,
532 1752 658 1816 Mucius
681 1756 805 1835 partem
828 1749 942 1834 priori,
968 1751 1108 1816 duorum

96 1837 270 1920 posteriori
302 1846 444 1925 emptam
570 1839 683 1907 (161363
714 1861 840 1924 qnoque
873 1840 957 1904 libro
990 1843 1107 1905 octavo

96 1927 306 2011 Digestorum
334 1931 432 1994 refert
458 1929 599 1995 Mucium
627 1930 765 1994 Brutum
793 1927 992 2011 Labeonem,
1020 1929 1108 2012 quod

95 2012 252 2082 Sabinum
273 2018 465 2084 existimare.

183 2107 231 2170 4⁰.
256 2105 296 2172 D.
316 2106 367 2191 18,
384 2110 411 2190 1,
426 2107 477 2172 59.
519 2106 631 2172 Celsus
656 2107 739 2171 libro
759 2109 874 2171 octavo
893 2103 1107 2189 Digestorum

96 2191 145 2279 (P.
171 2194 237 2278 75).
283 2192 364 2259 (lum
392 2196 545 2259 venderes
572 2195 722 2276 fundum,
749 2216 815 2258 non
842 2193 953 2259 dixisti
980 2191 1044 2257 ‘ita
1071 2199 1109 2259 ut

95 2283 236 2364 optimus
262 2282 509 2366 maximusqne',
533 2305 642 2346 verum
669 2283 826 2367 estquod
851 2281 973 2359 Quinto
996 2281 1108 2348 Mucio

96 2372 254 2453 placebat,
277 2392 343 2435 non
366 2372 513 2453 liberum,
536 2371 593 2436 sed
616 2372 721 2456 qualis
743 2376 837 2454 esset,
860 2369 995 2435 fundum
1014 2393 1108 2456 prae-

95 2461 174 2522 stari
202 2465 360 2542 oportere.

184 2544 234 2611 tib.
262 2548 301 2612 D.
325 2549 377 2633 21,
396 2549 425 2628 2,
445 2549 496 2613 75.
545 2548 721 2614 Venuleius
749 2549 832 2613 libro
861 2553 952 2613 sexto
981 2548 1107 2615 decimo

97 2634 351 2720 Stipulationum
380 2634 429 2722 (P.
454 2637 519 2724 73).
571 2637 662 2714 Quod
692 2638 731 2702 ad
760 2636 931 2701 servitutes
959 2637 1108 2720 praedio-

96 2747 168 2788 rum
197 2725 327 2811 attinet,
354 2727 382 2790 si
408 2727 507 2790 tacite
531 2732 659 2792 secutae
684 2729 814 2791 suntet
841 2723 1041 2790 vindicentur
1065 2728 1107 2791 ab

96 2814 171 2896 alio,
191 2813 328 2890 Quintus
343 2814 469 2880 Mucius
489 2820 521 2880 et
539 2815 679 2881 Sabinus
698 2815 885 2879 existimant
903 2814 1108 2880 venditorem

96 2902 138 2966 ob
166 2902 395 2968 anctoritatem¹
422 2905 526 2969 teneri
553 2927 619 2969 non
645 2925 753 2987 posse,
779 2925 839 2968 nec
862 2902 948 2966 enim
972 2906 1107 2968 anctori-

96 2989 186 3055 tctis²
210 2992 339 3056 nomine
359 3014 552 3077 quemquam
571 2993 673 3058 teneri
691 2993 724 3055 in
745 3014 782 3057 eo
801 2991 879 3073 iure,
902 2992 987 3074 quod
1007 2993 1108 3057 tacite

96 3081 198 3145 soleat
231 3081 394 3163 accedere,
426 3083 489 3146 nisi
521 3086 559 3145 ut
590 3082 733 3166 optimus
765 3080 988 3164 maximusque
1022 3086 1110 3145 esset

96 3165 309 3250 marciliano
327 3169 425 3234 fuerit
445 3169 575 3235 fundus:
598 3174 675 3234 tunc
695 3171 779 3233 enim
799 3169 936 3233 liberum
955 3169 997 3232 ab
1017 3171 1108 3233 omni

77 3306 78 3309 ¹
98 3259 250 3328 servitute
274 3260 513 3341 praestandum.
554 3260 675 3323 sivero
696 3264 821 3341 emptor
840 3261 930 3341 petat
949 3259 1108 3335 viamvel

168 3447 180 3492 1
214 3442 401 3495 Tritoninnns
425 3439 600 3495 evictionem.
693 3447 709 3492 2
740 3441 927 3494 Tribonionno
951 3439 1107 3495 evictionis.

96 3519 111 3566 3
132 3511 320 3566 Tritoniannc
338 3512 466 3566 traditus.
954 3526 960 3546 1
