2422 3840
97 181 140 244 22
185 181 233 237 Π1.
256 179 402 235 snrrlnn
419 179 518 238 SAEO.
537 179 633 236 lours
653 179 827 236 CONSULT.
846 178 970 234 sufflas
989 178 1105 234 PRIMA

97 343 191 428 idque
220 345 267 408 ait
293 345 462 428 plerosque
490 343 568 408 iuris
597 343 714 408 veteris
740 346 888 408 auctores
915 363 1011 427 posse
1034 343 1104 406 fieri

97 453 273 515 scripsisse.

185 518 234 585 4b.
259 519 288 587 J.
304 521 388 607 1,11
409 523 429 602 ξ
446 522 497 586 12.
513 556 550 566 -
569 520 653 603 apud
672 519 828 585 Catonem
847 521 928 585 bene
947 519 1104 603 scriptum

97 609 196 674 refert
219 611 405 694 antiquitas,
430 611 514 674 servi
539 610 567 673 si
590 632 609 673 a
632 610 763 674 domino
787 608 934 693 adoptati
958 614 1043 691 sunt,
1066 630 1105 674 ex

97 698 158 763 hoe
181 698 252 781 ipso
274 721 370 783 posse
394 699 534 763 liberari.

186 786 216 851 5.
248 786 287 852 D.
311 788 368 872 21,
392 788 420 869 1,
444 788 486 851 10
509 787 529 867 ἕ
554 787 581 851 1.
632 785 791 869 Ulpianus
819 786 902 851 libro
930 785 1035 868 primo
1065 786 1104 851 ad

98 874 237 940 edietum
257 877 408 940 aedilium
427 876 584 939 curulium
602 872 652 962 (P.
669 874 778 958 1760).
793 911 833 922 -
852 873 1009 940 Catonem
1028 895 1105 959 quo·

98 985 159 1048 que
187 964 326 1029 seribere
353 965 440 1050 lego,
468 965 519 1028 eui
546 964 667 1048 digitus
695 963 733 1026 de
761 985 860 1028 manu
884 967 941 1027 aut
963 961 1002 1027 de
1025 964 1106 1048 pede

96 1053 260 1136 praecisus
284 1054 341 1136 sit,
365 1075 437 1116 eum
461 1053 647 1118 morbosum
672 1074 749 1118 esse.

185 1141 214 1207 6.
237 1144 270 1206 91
294 1142 322 1206 7.
355 1164 384 1206 v.
406 1141 585 1224 Responsa.

331 1509 368 1592 2.
406 1517 456 1592 Μ.
484 1514 651 1590 IUNTUS
678 1515 864 1590 BRUTUS

416 1663 538 1737 praetor
560 1679 637 1721 anno
658 1660 781 1723 inserto.

185 1790 288 1852 Oioero
310 1792 397 1853 Brut.
421 1795 562 1870 34,130
589 1787 703 1854 ‘virum
730 1794 951 1869 optimum
974 1796 1005 1852 et
1029 1793 1104 1853 iuris

94 1876 335 1958 peritissimum'3
359 1883 502 1957 (199112,
520 1884 562 1943 50
581 1876 667 1942 ‘iuris
686 1881 783 1942 civilis
801 1881 832 1941 in
850 1881 955 1958 primis
968 1875 1106 1956 peritus'.

183 1969 365 2047 Pomponius
393 1971 413 2046 ἓ
434 1974 474 2033 39
504 1965 589 2048 ‘post
615 1973 669 2030 hos
697 1971 820 2030 fuerunt
842 1970 965 2030 Publius
989 1968 1105 2031 Mucius

94 2061 125 2118 91
152 2057 267 2120 Brutus
299 2063 330 2120 et
355 2060 510 2135 Manilius,
537 2060 589 2135 qui
616 2059 820 2118 fundaverunt
846 2059 893 2119 ius
923 2059 1018 2119 civile.
1069 2079 1106 2119 ox

94 2147 142 2208 his
257 2148 375 2208 libellos
407 2147 530 2224 reliquit
562 2146 674 2207 Brutus
707 2151 834 2224 septem,
870 2147 1011 2208 Manilius
1042 2151 1106 2208 tres

96 2229 237 2313 (fortasse
265 2237 424 2315 legendum
448 2231 604 2295 ‘Manilius
627 2239 754 2312 septem,
781 2235 895 2297 Brutus
917 2228 1016 2317 tros’).
1058 2237 1106 2295 illi

96 2323 156 2384 duo
180 2325 352 2385 consulares
374 2325 510 2398 fuerunt,
533 2324 647 2383 Brutus
670 2318 860 2401 praetorius?

504 2500 694 2576 Responsa.

184 2613 243 2675 Cio.
267 2615 303 2675 de
330 2634 372 2675 or.
392 2617 421 2695 2,
441 2618 492 2694 32,
512 2617 585 2677 142.
609 2609 790 2676 ...‘video
814 2660 848 2677 ..
871 2617 902 2675 in
927 2615 1049 2677 Catonis
1073 2621 1104 2678 et

94 2704 125 2762 in
143 2702 232 2763 Bruti
253 2704 339 2763 libris
361 2705 538 2764 nominatim
560 2705 624 2764 fere
647 2705 761 2779 referri,
783 2705 856 2781 quid
874 2705 965 2764 alieni
984 2706 1020 2765 de
1039 2706 1104 2766 iure

94 2791 158 2852 viro
183 2796 236 2851 sut
258 2793 376 2852 mulieri
400 2786 628 2870 responderint?

185 2880 267 2951 Quae
290 2886 422 2960 exstant,
446 2883 489 2942 ita
511 2881 655 2961 disposui,
677 2886 713 2941 ut
734 2881 831 2958 primo
853 2882 919 2942 loeo
942 2882 979 2942 de
1003 2883 1106 2943 fructu

94 2970 206 3047 legate,
230 2970 357 3030 secundo
381 2971 417 3031 de
441 2972 589 3047 emptione
612 2971 784 3031 venditione
807 2974 838 3030 91
859 2971 895 3029 da
913 2972 1105 3048 usucapione,

94 3057 184 3117 tertio
213 3059 249 3117 de
279 3062 359 3119 furto
387 3066 418 3120 et
445 3059 481 3119 de
509 3060 576 3137 lege
603 3059 739 3136 Aquilia,
769 3059 875 3118 ultimo
904 3061 940 3119 de
967 3061 1105 3121 hostibus

94 3145 194 3207 dedito
217 3149 366 3226 legantur.

186 3269 226 3332 1⁸.
254 3264 365 3332 Cicero
389 3268 428 3331 de
451 3267 505 3330 fin.
527 3269 553 3349 1,
567 3266 599 3350 4,
614 3265 664 3331 12.
692 3303 727 3311 -
755 3288 806 3348 an,
829 3270 941 3350 partus
965 3266 1105 3332 ancillae

95 3354 180 3418 sitne
212 3356 246 3419 in
278 3356 386 3420 fruotu
413 3355 593 3438 habendus,
625 3354 800 3419 disseretur
829 3356 913 3419 inter
941 3355 1104 3440 principes

94 3443 247 3529 civitatis,
268 3443 303 3509 P.
324 3443 510 3509 Scaevolam
530 3442 750 3528 Manliumque
770 3442 950 3528 Manilium,
973 3444 1014 3508 ab
1038 3445 1105 3508 his·

91 3553 156 3610 que
175 3531 220 3597 Μ,
240 3531 366 3597 Brutus
390 3532 579 3598 dissentiet?
