2422 3840
106 154 150 218 40
192 153 240 209 III.
263 151 407 208 SEPTIMI
425 151 526 208 SAEG.
544 149 640 208 IURIS
659 149 833 208 CONSULT.
852 151 977 209 saulus
996 153 1116 210 PRIMA

45 380 48 389 .
107 338 296 386 annuemus
326 336 460 398 mouns
487 336 606 396 AEQUO
635 335 705 382 cun
732 335 898 383 LIBRARIO
927 335 1018 404 sian,
1051 340 1118 388 sax

104 427 293 488 uacunque
320 426 462 474 LIBRARI
490 427 528 472 ΙΝ
554 424 668 472 nomo
696 424 805 473 sinuo.
851 424 882 472 s1
910 425 988 485 ouis
1014 428 1118 478 nean

105 515 257 564 ennecus
297 514 477 564 anvnasus
514 512 584 561 nso
620 492 748 583 u(ono)
784 492 911 584 n(nno)
948 515 1116 566 Pennana

103 604 305 665 MODIOSQUE
334 604 494 664 VASAQUH
520 602 671 650 PUBLIGA
697 602 833 651 MODICA
854 603 990 651 MINORA
1012 606 1114 655 MAIO·

103 694 195 742 RAVE
213 694 318 741 FAXI'I'
338 693 541 742 IUSSERITVE
561 692 668 757 FIERI,
689 691 859 739 DOLUMVH
876 692 1021 756 ADDUI'I',
1040 695 1114 754 QUO

102 783 149 830 ΕΔ
176 784 299 847 FIAN'I',
326 783 399 831 EUM
428 781 506 842 QUIS
534 781 651 829 VOLET
674 779 916 829 MAGISTRATUS
939 782 1116 853 MULTARE,

102 872 178 920 DUM
209 872 344 920 MINORH
375 870 480 917 PAR'H
512 868 679 917 FAMILIAS
711 869 825 916 ΤΑΧΔΤ
856 869 995 935 LICET03
1032 872 1112 921 SIVE

104 960 181 1020 QUIS
205 961 244 1008 lM
268 960 403 1008 SACRUM
426 957 593 1007 IUDIGARE
617 957 805 1022 VOLUERIT,
828 958 964 1007 LIOETO.

192 1036 360 1098 Secundum
388 1035 593 1095 recensionum
619 1035 651 1093 in
675 1034 796 1094 Brunsii
818 1026 906 1094 font.6
928 1055 955 1110 p.
976 1038 1017 1096 46
1042 1057 1110 1112 pro-

99 1126 238 1202 positam.

525 1236 683 1244 ————

303 1382 372 1465 14.
408 1388 443 1463 C.
470 1385 678 1460 MARCIUS
705 1385 908 1458 FIGULUS

188 1533 268 1593 lilius
291 1533 422 1593 consulis
446 1525 585 1610 592s162
609 1534 640 1591 et
663 1525 812 1610 598l156,
834 1531 899 1606 ipso
920 1532 1108 1592 consulatum

98 1621 224 1696 adeptus
246 1641 305 1682 non
328 1626 381 1682 est.

187 1709 288 1772 Valer.
315 1711 393 1771 Max.
421 1715 453 1789 9,
472 1712 544 1784 3,2
579 1703 626 1770 Ὃ.
648 1709 792 1785 Figulum
824 1708 1108 1786 mansuetissimum,

98 1802 205 1874 pacato
228 1799 301 1859 iuris
323 1799 433 1859 iudicio
458 1794 601 1880 (studiol)
627 1791 868 1858 celeberrimum'

505 1995 696 2070 Responsa

185 2117 284 2179 Valer.
307 2121 384 2179 Max.
408 2121 428 2179 l.
450 2136 474 2178 o.
521 2112 709 2179 ‘consulatus
834 2118 972 2193 repulsae
1002 2118 1105 2180 dolore

96 2225 238 2267 accensus
262 2253 323 2284 ...,
346 2227 414 2267 cum
437 2207 475 2266 ad
498 2226 567 2266 eum
588 2210 708 2282 postero
734 2205 922 2265 comitiorum
945 2207 992 2265 die
1014 2208 1106 2266 mult-i

98 2296 270 2355 consulendi
298 2314 389 2356 causa
414 2295 580 2372 venissent,
609 2312 709 2354 omnes
735 2294 848 2354 dimisit
870 2296 1035 2370 praefatus:
1064 2315 1105 2355 an

96 2401 149 2445 vos
181 2384 335 2443 consulere
368 2383 465 2462 scitis,
498 2383 649 2443 consulem
680 2382 778 2443 facere
808 2377 966 2444 nescitis?'
1019 2386 1107 2444 nulla

95 2476 213 2530 exstant
235 2489 385 2547 responsa.

415 2750 480 2834 15.
513 2754 782 2830 HOSTILIUSl

184 2898 242 2958 Cic.
271 2899 307 2959 de
335 2903 409 2961 orat.
430 2904 464 2979 1,
485 2904 541 2976 57,
562 2903 623 2960 245
659 2895 706 2959 ‘et
737 2900 824 2960 oredo
856 2901 888 2959 in
914 2900 968 2958 illa
994 2899 1102 2960 militis

95 3007 197 3064 causa,
230 2988 255 3048 si
286 2993 321 3048 tu
353 2994 406 3049 aut
435 2989 574 3051 heredem
602 2992 655 3049 aut
682 2989 809 3048 militem
836 2988 1028 3061 defendisses,
1062 2991 1101 3048 ad

93 3077 279 3138 Hostilianas
306 3082 337 3138 tc
365 3079 510 3158 actiones,
538 3097 596 3138 non
624 3078 662 3137 ad
689 3082 774 3138 tuam
798 3077 861 3138 vim
884 3081 915 3137 et
937 3077 1101 3136 oratoriam

95 3166 270 3226 facultatem
289 3168 466 3228 contulisses
486 3161 548 3226 ...⁹
585 3168 712 3227 sortasse
731 3166 811 3226 idem
828 3166 987 3243 Hostilius,
1010 3184 1100 3241 quem

94 3255 264 3315 Priscianus
283 3256 318 3317 (i.
337 3257 370 3316 L.
389 3259 417 3331 2,
433 3259 497 3317 270
517 3248 693 3337 (Hostilius
715 3257 747 3315 in
765 3255 781 3314 I
804 3247 931 3335 annali')
955 3254 1100 3315 nominet

93 3362 161 3402 oum
184 3342 334 3405 Ciceronis
361 3346 454 3405 verba
481 3345 534 3404 illa
561 3344 635 3403 iuris
664 3345 870 3405 consultorum
896 3344 1042 3402 formulas
1069 3346 1100 3402 et

93 3432 224 3493 actiones
248 3434 395 3494 oratoriae
417 3433 555 3493 facultati
579 3452 726 3509 opponere
749 3432 921 3510 videantur,
948 3431 1098 3491 Hostilius

86 3521 166 3579 iuris
181 3522 303 3594 peritus
324 3522 420 3582 fnisse
442 3526 473 3582 et
490 3523 622 3583 actiones
642 3522 842 3599 composuisse
861 3520 1023 3581 censendus
1043 3522 1099 3581 est
