2422 3840
49 111 51 115 '
94 126 157 189 148
194 127 240 181 vi.
264 123 397 179 ocrim
416 123 515 179 sano.
534 123 629 179 rums
649 125 820 183 corsuna
840 124 966 182 suancs
984 127 1101 182 rmus

94 293 232 373 [Gaius]‚
263 293 373 373 Aulus·
390 290 509 368 Ofilius,
541 293 626 352 Titus
656 292 793 370 Caesius,
825 294 966 354 Aufidius
995 295 1103 373 Tucca,

94 384 234 442 Aufidius
253 382 396 459 Namusa,
410 381 540 441 ‘Flavius
558 382 687 458 Priscus,
710 381 803 442 Gaius
816 383 933 455 Ateius,
952 383 1103 444 Pacuvius

93 473 194 532 Labeo
212 472 372 547 Antistius,
396 470 542 529 Labeonis
561 471 687 530 Antistii
705 475 800 547 pater,
822 467 980 550 (Gnissi)
1000 470 1102 549 Cinna,

92 562 245 621 Publicius
261 559 377 620 Gellius
460 577 495 617 ex
513 558 559 616 his
584 559 771 619 auditoribus
789 560 954 636 plurimum
973 563 1101 622 auctori-

93 652 165 709 tatis
189 650 295 708 habuit
317 647 444 706 Alfenus
458 647 562 730 Varus
586 651 617 706 et
635 641 735 707 Aulus
755 643 881 708 Ofilius’.
924 668 1000 725 quos
1022 651 1102 710 audi·
1140 712 1144 719 .

93 745 173 798 tores
196 757 305 797 novam
328 736 424 795 Servii
447 736 595 795 rationem
618 739 737 796 secutos
761 756 824 796 esse
848 741 984 812 apparet.

183 1002 286 1062 Cicero
305 1003 433 1061 amicum
448 986 589 1059 laudibus
608 1001 713 1059 efferre
732 1020 885 1077 nunquam
904 1004 1042 1064 cessavit.
1073 1005 1102 1063 iu

95 1093 229 1154 oratione
252 1111 305 1167 pro
329 1091 474 1149 Muraena
500 1092 553 1160 14,
578 1091 620 1149 30
646 1085 722 1148 haec
752 1091 806 1148 ait:
847 1085 994 1151 ‘virtutes
1023 1093 1102 1169 ipsae

94 1202 149 1258 per
171 1199 202 1239 se
225 1182 356 1239 multum
378 1180 491 1238 valent:
524 1177 643 1237 iustitia
669 1178 743 1237 fides
770 1179 868 1253 pudor
894 1183 1102 1259 temperantia,

57 1332 58 1335 ,
96 1271 204 1348 quibus
227 1273 271 1346 te,
295 1267 393 1343 Servi,
417 1267 559 1326 excellere
584 1285 684 1326 omnes
707 1262 914 1343 intellegunt'.
955 1270 988 1327 in
1011 1270 1103 1329 Bruto

97 1362 161 1419 150
171 1378 213 1433 sq.
247 1376 315 1417 vero
348 1357 421 1415 haec
453 1355 593 1434 legimus:
627 1349 703 1413 ‘tum
731 1355 856 1415 Brutus:
889 1375 959 1416 cum
987 1377 1023 1418 ex
1050 1362 1104 1419 tua

96 1448 230 1507 oratione
253 1446 328 1504 mihi
349 1445 461 1522 videor,
484 1445 591 1520 inquit,
614 1445 689 1503 bene
712 1442 852 1503 Crassum
874 1450 906 1504 et
929 1446 1104 1508 Scaevolam

96 1535 282 1612 cognovisse,
305 1537 371 1592 tum
394 1534 431 1591 de
453 1536 484 1591 te
507 1536 538 1591 et
561 1532 596 1590 de
621 1532 682 1591 Ser.
706 1531 838 1609 Sulpicio
862 1534 1013 1614 cogitans,
1041 1554 1103 1596 esse

96 1623 246 1700 quandam
268 1623 353 1683 vobis
382 1622 532 1680 cumillis
556 1621 783 1680 similitudinem
806 1622 911 1682 iudico.
958 1621 1104 1703 Quonam,

96 1714 231 1789 inquam,
258 1712 337 1770 istuc
365 1710 472 1770 modo?
517 1708 593 1779 Quia
621 1710 694 1767 mihi
722 1713 753 1769 et
778 1713 814 1768 tu
841 1711 964 1788 videris,
997 1714 1104 1790 inquit,

97 1804 215 1861 tantum
242 1800 317 1859 iuris
346 1800 442 1859 civilis
470 1799 545 1858 scire
572 1799 715 1873 voluisse,
749 1803 896 1876 quantum
924 1802 998 1860 satis
1026 1807 1106 1861 esset

98 1890 218 1962 oratori,
241 1892 273 1948 et
291 1888 411 1948 Servius
430 1888 619 1964 eloquentiae
637 1889 755 1946 tantum
774 1890 979 1965 assumpsisse,
1002 1895 1038 1949 ut
1058 1892 1105 1951 ius

97 1979 184 2038 civile
212 1978 301 2038 facile
324 1980 420 2053 possit
442 1977 530 2036 tueri.
586 2022 614 2036 ..
637 1976 679 2034 Et
701 1995 769 2052 ego,
798 2019 827 2034 ..
850 1978 987 2054 inquam,
1015 2024 1044 2038 ..
1070 1980 1104 2038 de

98 2067 202 2127 Servio
226 2070 257 2126 et
280 2070 316 2126 tu
338 2067 428 2142 probe
453 2066 525 2124 dicis
550 2068 580 2123 et
603 2083 657 2142 ego
682 2065 778 2123 dicam
801 2065 881 2140 quod
902 2067 1008 2126 sentio.
1045 2088 1106 2129 non

98 2158 175 2215 enim
203 2157 291 2215 facile
319 2174 407 2233 quem
435 2153 560 2212 dixerim
582 2153 651 2229 plus
674 2154 767 2212 studii
790 2173 881 2230 quam
901 2155 989 2214 illum
1013 2159 1044 2215 et
1068 2157 1106 2216 ad

98 2245 254 2305 dicendum
287 2246 317 2302 et
348 2243 387 2301 ad
414 2260 515 2301 omnes
543 2243 687 2300 bonarum
715 2261 815 2301 rerum
847 2242 1020 2319 disciplinas
1052 2246 1105 2304 ad·

97 2334 238 2393 hibuisse.
274 2351 345 2390 nam
364 2336 394 2389 et
412 2331 443 2388 in
462 2331 567 2389 iisdem
587 2331 847 2390 exercitationibus
864 2331 988 2391 ineunte
1005 2336 1105 2395 aetate

95 2422 221 2498 fuimus,
250 2426 281 2479 et
303 2423 409 2495 postea
435 2437 497 2477 una
520 2419 656 2478 Rhodum
683 2419 734 2478 ille
758 2421 849 2479 etiam
871 2421 1025 2496 profectus
1050 2427 1106 2498 est,

97 2528 155 2586 quo
179 2509 286 2567 melior
305 2511 384 2566 esset
402 2511 432 2566 et
451 2507 574 2583 doctior,
597 2511 628 2566 et
646 2507 715 2566 inde
733 2510 769 2566 ut
788 2508 879 2567 rediit
893 2509 1013 2568 videtur
1030 2511 1106 2570 mihi

97 2599 130 2656 in
150 2593 282 2656 ¹secunda
306 2601 370 2654 arte
393 2596 507 2671 primus
530 2614 593 2655 esse
617 2596 759 2654 maluisse
783 2615 874 2672 quam
891 2597 924 2655 in
940 2598 1039 2674 prima
1063 2619 1106 2658 se-

99 2685 221 2745 cundus.
254 2688 344 2761 atque
363 2685 444 2743 haud
463 2686 531 2760 scio,
550 2703 589 2742 an
601 2703 657 2761 par
669 2684 854 2761 principibus
868 2704 932 2745 esse
947 2687 1106 2763 potuisset,

99 2774 152 2833 sed
174 2774 300 2832 fortasse
323 2775 439 2849 maluit,
461 2774 493 2831 id
516 2773 594 2850 quod
618 2776 664 2831 est
687 2772 827 2851 adeptus,
850 2773 938 2852 louge
963 2777 1106 2852 omnium,

98 2881 158 2921 non
181 2862 311 2920 eiusdem
336 2863 421 2921 modo
445 2862 561 2938 aetatis,
585 2861 638 2920 sed
660 2879 762 2920 eorum
781 2863 872 2920 etiam
895 2865 948 2938 qui
966 2865 1107 2942 fuissent,

98 2951 130 3009 in
152 2951 218 3008 iure
241 2951 320 3009 civili
344 2970 407 3010 esse
431 2951 576 3025 princeps.
613 2950 669 3007 Hic
689 2949 810 3026 Brutus,
835 2951 892 3010 ain’
916 2951 972 3011 tu?
995 2954 1105 3030 inquit.

100 3041 227 3099 etiamne
256 3038 288 3109 Q.
318 3039 477 3099 Scaevolae
506 3037 643 3097 Servium
670 3042 807 3096 nostrum
835 3041 1011 3116 anteponis?
1057 3041 1107 3101 Sic

100 3124 187 3203 enim,
211 3130 341 3204 inquam,
359 3128 462 3203 Brute,
483 3126 629 3200 existimo,
648 3125 722 3184 iuris
741 3127 837 3186 civilis
856 3147 998 3204 magnum
1015 3149 1107 3189 usum

101 3220 131 3276 et
159 3217 238 3292 apud
263 3218 435 3275 Scaevolam
463 3219 494 3274 et
521 3215 601 3290 apud
628 3215 752 3290 multos,
781 3222 874 3274 artem
900 3217 930 3274 in
957 3218 1014 3277 hoc
1037 3239 1106 3296 uno,

102 3306 180 3382 quod
207 3325 360 3382 nunquam
387 3305 534 3363 effecisset
560 3303 655 3378 ipsius
682 3303 756 3361 iuris
787 3304 923 3380 scientia,
954 3307 1012 3365 nisi
1040 3325 1107 3366 eam

101 3398 255 3468 praeterea
278 3394 430 3452 didicisset
457 3395 564 3467 artem,
597 3409 672 3466 quae
699 3392 817 3450 doceret
844 3413 907 3451 rem
933 3396 1107 3456 universam

103 3483 235 3540 tribuere
253 3484 284 3539 in
303 3486 413 3558 partes,
432 3483 575 3543 latentem
594 3481 741 3555 explicare
756 3481 928 3554 definiendo,
949 3483 1108 3544 obscuram
