2422 3840
142 164 207 228 368
234 164 305 219 VIII.
321 163 455 220 OCTAVI
469 161 566 219 SAEC.
576 163 673 218 IUIiIS
689 161 864 218 CONSULT.
875 161 1000 216 saurus
1015 161 1152 219 TERTIA

373 431 414 512 4.
451 434 606 508 AULUS
635 434 921 508 CASCELLIUS

232 599 311 658 circa
335 591 482 676 650J104
505 601 604 675 natus,
629 617 647 656 a
670 597 816 675 Volcatio,
840 597 874 668 Q.
892 596 984 658 Mucii
1007 597 1154 676 auditore,

143 689 309 747 instructus
328 677 419 769 (Plin.
438 687 468 745 h.
486 705 515 744 n.
535 687 564 761 8,
583 689 634 763 40,
656 689 731 745 144:
756 680 938 746 ‘Volcatium
962 686 1015 764 qui
1034 685 1153 746 Cascel-

143 777 219 846 lium
247 776 294 835 ius
322 775 410 835 civile
439 769 560 834 docuit'.
609 774 791 852 Pomponius
822 772 841 850 ξ
867 777 921 835 45:
949 769 1021 833 ‘fuit
1048 776 1154 835 eodem

143 870 277 941 tempore
305 868 336 923 et
359 863 531 941 Trebatius,
560 864 611 941 qui
637 863 717 922 idem
741 863 860 923 Corneli
883 865 1005 923 Maximi
1032 864 1154 924 auditor

143 954 215 1030 fuit,
238 954 336 1012 Aulus
364 952 542 1030 Cascellius,
570 951 699 1022 Quintus
727 952 843 1012 Mucius
866 952 983 1013 Volusii
1012 947 1153 1026 auditor',

129 1059 220 1119 'quae
248 1042 340 1103 verbe
366 1041 531 1102 Mommsen
559 1041 600 1100 sic
626 1041 727 1116 potius
755 1040 912 1102 scribenda
939 1060 1003 1102 esse
1032 1043 1153 1117 conicitr

144 1126 260 1202 ‘Quinti
287 1130 379 1190 Mucii
407 1129 553 1189 auditoris
580 1128 713 1189 Volcacii
740 1124 899 1208 auditor'),
927 1135 996 1190 ante
1026 1125 1151 1210 681I73

144 1223 295 1296 quaestor,
318 1221 447 1278 fortasse
464 1222 595 1295 praetor,
620 1237 688 1278 cum
706 1218 807 1278 iudicii
825 1218 1005 1279 Cascelliani
1023 1212 1104 1292 (Gai.
1124 1223 1152 1296 4,

146 1311 219 1369 166.
236 1299 314 1388 169)
334 1311 438 1367 auctor
455 1307 559 1367 haberi
576 1309 679 1384 possit,
699 1326 881 1386 quamquam
894 1307 1080 1385 Pomponius
1095 1309 1115 1367 l.
1129 1328 1152 1368 c.

143 1400 236 1475 negat
254 1389 340 1477 (ruit
358 1399 460 1456 autem
478 1397 668 1474 quaestorius
686 1415 741 1455 neo
759 1397 840 1455 ultra
858 1397 1000 1472 proficere
1019 1389 1153 1478 voluit'),

145 1479 226 1564 681)
232 1488 270 1544 73
299 1486 379 1544 inter
406 1490 557 1545 senatores
585 1485 638 1562 qui
662 1485 694 1544 in
717 1484 770 1545 SC.
794 1485 830 1544 de
854 1484 973 1561 Oropiis
997 1487 1152 1546 scribendo

144 1574 307 1633 adfuerunt
329 1572 468 1651 (Hermes
486 1574 541 1633 XX
568 1594 596 1650 p.
617 1577 678 1634 281
709 1578 741 1633 ct
762 1573 862 1634 Bruns
885 1576 958 1634 font.
977 1575 993 1633 Ι
1014 1595 1044 1651 p.
1066 1568 1152 1655 172),

144 1663 371 1722 triumvirorum
401 1665 536 1738 tompore
564 1657 693 1722 ‘nullius
726 1665 780 1722 aut
810 1663 911 1740 gratia
940 1666 994 1722 aut
1022 1665 1151 1723 auctori-

144 1754 209 1810 tate
232 1752 371 1828 compelli
393 1754 525 1830 poterat,
552 1754 588 1810 ut
610 1752 646 1810 de
670 1752 773 1829 aliqua
800 1769 903 1810 earum
930 1771 1046 1827 rerum,
1077 1771 1151 1829 quas

144 1840 296 1900 triumviri
323 1840 478 1918 dederant,
508 1841 668 1900 formulam
691 1833 893 1916 componeret'
917 1834 998 1922 (Vel.
1021 1841 1101 1902 Man
1125 1843 1152 1916 6,

146 1921 261 2008 2,12),
285 1930 323 1988 ab
345 1929 472 1989 Horatio
495 1930 528 1987 in
550 1929 627 1989 libro
651 1929 688 1988 de
711 1933 776 1989 arte
798 1929 916 2004 poetica
939 1922 1006 2008 (aut
1027 1925 1151 2009 734s20

145 2021 199 2076 aut
232 2023 364 2077 extrema
401 2023 508 2094 poetae
546 2013 649 2096 sassa
687 2018 801 2078 mortui
838 2021 938 2077 aetate
971 2019 1151 2095 conscripto:

145 2107 427 2167 Teuffel-Schwabe
460 2105 479 2182 ξ
505 2109 583 2184 287,
607 2099 644 2187 7)
673 2107 815 2166 laudatus
848 2097 890 2187 (v.
915 2108 978 2167 368
994 2127 1037 2182 sq.
1066 2101 1149 2166 ‘con-

144 2196 243 2254 sultus
274 2195 349 2254 iuris
382 2199 413 2254 et
439 2198 524 2255 actor
551 2214 710 2255 causarum
737 2195 892 2254 mediocris
925 2197 1011 2254 abest
1038 2196 1151 2256 virtute

146 2285 250 2343 diserti
272 2284 417 2343 Messalae
443 2303 500 2344 nec
528 2285 585 2344 seit
607 2288 755 2361 quantum
778 2283 942 2343 Cascellius
965 2284 1078 2363 Aulus,
1103 2283 1153 2344 sed

144 2376 245 2431 tamen
262 2373 295 2431 in
312 2373 409 2449 pretio
428 2366 510 2453 est').
552 2372 750 2434 Octavianum
768 2373 941 2449 Augustum
963 2374 1153 2432 consulatum

144 2461 173 2519 ei
195 2460 339 2521 obtulisse
357 2461 540 2537 Pomponius
560 2459 637 2536 §45
661 2465 772 2522 narrat.
810 2457 888 2520 ‘cum
907 2461 1005 2520 multa
1023 2462 1060 2521 de
1079 2465 1150 2521 tem·

144 2549 268 2626 poribus
290 2549 415 2609 liberius
438 2551 611 2626 loqueretur
634 2551 780 2626 amicique
803 2570 840 2609 ne
863 2550 895 2608 id
917 2551 1030 2609 faceret
1053 2570 1153 2610 mone·

145 2641 224 2710 rent,
253 2638 327 2698 duas
354 2657 415 2715 res,
443 2658 519 2714 quae
546 2639 716 2699 hominibus
743 2638 947 2699 amarissimae
970 2639 1154 2715 viderentur,

144 2745 286 2802 magnam
308 2728 367 2786 sibi
389 2728 540 2786 licentiam
562 2728 705 2804 praebere
728 2727 891 2804 respondit,
915 2731 1102 2787 senectutem
1124 2732 1154 2787 et

131 2809 316 2875 orbitatem'
345 2809 425 2895 (Val.
443 2816 520 2876 Max.
544 2816 564 2876 I.
583 2807 637 2899 c.);
668 2816 794 2892 denique
822 2816 854 2874 in
880 2816 1024 2875 honorem
1051 2815 1155 2886 Quinti

146 2903 235 2962 Mucii
257 2903 398 2964 Publium
420 2904 553 2964 Mucium
578 2907 718 2986 nepotem
740 2906 804 2965 eius
828 2909 1007 2964 testamento
1031 2905 1155 2983 reliquit

144 2993 283 3052 heredem
306 2989 501 3072 (Pomponius
524 2995 543 3054 l.
562 2988 609 3071 a).

234 3081 414 3142 Cascellium
440 3102 500 3143 non
523 3082 610 3143 modo
633 3082 801 3142 Macrobius
826 3084 854 3161 2,
875 3085 939 3159 6,1
971 3075 1063 3141 ‘iuris
1087 3101 1155 3165 con·

145 3174 259 3232 sultum
281 3171 462 3231 urbanitatis
484 3172 577 3231 mirae
596 3164 825 3248 libertatisque',
849 3171 901 3230 sed
919 3169 985 3229 Val.
1005 3171 1154 3230 Maximus

144 3260 163 3319 I.
183 3281 207 3321 c.
231 3260 321 3320 etiam
345 3254 455 3321 ‘virum
478 3261 553 3319 iuris
577 3260 673 3321 civilis
696 3260 822 3319 scientia
845 3252 970 3318 clarum'
989 3261 1154 3336 praedicat.

145 3343 346 3421 ‘Trebatius',
372 3351 408 3408 ut
430 3350 613 3425 Pomponius
640 3347 722 3424 §45
751 3349 806 3425 alt,
836 3343 976 3423 ‘peritior
999 3347 1155 3426 Cascellio,

145 3436 308 3497 Cascellius
330 3438 472 3547 Probatio
491 3439 678 3515 eloquentior
696 3437 787 3496 fuisse
806 3437 924 3514 dicItur,
944 3436 1052 3496 Ofilius
1070 3441 1155 3498 utro·

132 3543 193 3597 que
217 3526 357 3586 doctior.
