2422 3840
354 172 379 222 4.
400 166 428 224 G.
444 165 564 222 LIVIUS
583 165 612 222 0.
627 167 656 221 F.
672 168 813 223 DRUSUS
1046 169 1088 233 27

169 329 198 394 3.
226 329 332 394 Varro
356 329 393 392 de
418 351 450 395 re
474 334 552 394 rust.
576 330 654 412 ab,
675 331 725 394 11.
750 365 788 377 —
815 352 870 395 eos
894 329 951 409 (se.
974 329 1089 418 boves)

80 439 153 483 eum
190 419 326 482 emimus
363 418 517 501 domitos,
554 420 746 500 stipulamur
778 421 836 483 sio:
873 421 973 486 illosee
1004 422 1090 488 boves

78 527 171 572 sanos
198 527 261 573 esse
286 509 433 590 noxisque
460 507 616 591 (solutos)
640 508 819 590 praestari?
853 531 924 573 eum
953 511 1089 575 emimus

78 595 268 678 indomitos,
292 596 351 660 sie:
378 597 480 662 illosoe
501 597 641 662 iuvencos
662 617 755 662 sonos
777 602 853 662 reete
875 599 967 680 deque
982 621 1090 682 preme

78 705 155 750 sono
177 704 239 750 6336
258 686 404 767 noxisque
421 685 576 769 (solutos)
591 687 748 768 praestari
764 687 951 770 spondeam?
992 689 1088 771 paulo

78 773 248 838 verbosius
271 773 364 856 haee,
388 773 443 859 qui
466 772 581 839 Manili
605 775 748 839 actiones
773 782 960 860 sequuntur.

168 863 198 927 4.
226 861 305 927 Ibid.
324 863 355 945 2,
369 863 398 944 7,
414 863 442 927 6.
467 900 508 909 —
536 863 657 946 emptio
681 863 798 946 equina
821 864 936 928 similis
959 863 1026 928 fere
1050 887 1087 930 ao

79 951 178 1015 boum
193 954 226 1015 et
241 951 415 1036 asinorum,
428 950 513 1035 quod
528 951 646 1015 eisdem
662 952 758 1016 rebus
770 953 803 1015 in
815 955 976 1036 emptione
987 953 1088 1020 domi-

78 1061 156 1104 num
181 1044 318 1122 mutant,
341 1041 434 1103 utin
456 1039 569 1104 Manili
592 1040 776 1104 actionibus
801 1045 877 1105 sunt
900 1043 1088 1126 perscripta.

169 1128 199 1193 5.
226 1126 307 1194 Ibid.
326 1130 357 1211 2,
371 1129 401 1213 3,
415 1128 445 1194 5.
464 1165 508 1174 —
599 1128 796 1210 stipulantur
815 1129 927 1213 pauois
947 1131 1088 1215 exeeptis

77 1214 196 1301 verbis,
215 1239 252 1281 ao
269 1216 424 1281 Manilius
443 1218 598 1301 seriptum
617 1216 758 1301 reliquit,
777 1217 838 1282 sie:
857 1219 961 1284 illesa
978 1241 1089 1303 copres

76 1304 168 1371 bodie
197 1311 274 1370 reete
304 1325 367 1371 6336
398 1311 427 1371 et
456 1305 553 1372 bibere
579 1325 668 1388 posse
698 1305 863 1388 habereque
890 1313 966 1373 reete
993 1310 1089 1394 licere,

76 1392 152 1460 bueo
172 1394 361 1477 spondesne?

168 1485 197 1549 6.
230 1481 311 1548 Ibid.
331 1484 360 1563 2,
378 1484 409 1564 4,
427 1484 457 1549 b.
493 1519 529 1529 -
565 1482 628 1547 emi
657 1484 763 1548 solent
792 1483 852 1549 sie:
885 1486 990 1551 illasee
1020 1507 1089 1553 sues

76 1591 174 1637 soreos
197 1592 258 1637 esse
279 1571 444 1653 habereque
461 1576 536 1636 reete
554 1573 641 1637 licere
658 1573 807 1655 noxisque
825 1573 983 1658 <soletos>
998 1597 1089 1657 prue-

76 1662 158 1726 stori
183 1681 279 1743 neque
303 1662 339 1725 de
354 1681 463 1742 pecore
484 1660 620 1726 morboso
642 1681 704 1726 6336
724 1663 912 1744 spoudeeae?
959 1665 1088 1748 quidam

77 1750 234 1816 adiciunt:
256 1749 443 1833 perfunctas
467 1770 536 1812 esse
562 1772 580 1812 a
604 1749 686 1813 febri
709 1758 742 1814 et
766 1773 784 1813 a
807 1751 899 1816 foria.

261 2047 303 2131 4.
341 2053 377 2126 O.
406 2051 565 2126 LIVIUS
593 2052 629 2127 Ο.
656 2053 696 2124 F.
724 2051 905 2124 DRUSUS

166 2199 260 2257 frater
288 2198 384 2257 maior
409 2200 483 2256 netu
511 2197 550 2255 M.
574 2196 665 2272 Livii,
698 2214 757 2256 uos.
784 2190 941 2274 607s144.
987 2216 1089 2273 quam·

76 2306 168 2364 quam
191 2306 297 2346 caecus
319 2285 394 2345 iuris
418 2287 573 2345 consultus
595 2284 720 2361 celeber,
745 2285 829 2345 euius
853 2279 986 2345 ‘domum
1009 2305 1088 2346 oom-

76 2376 155 2453 pleri
182 2393 201 2434 a
227 2374 448 2436 consultoribus
476 2368 611 2434 solitam'
640 2374 733 2433 fuisse
757 2373 860 2434 Oioero
884 2377 958 2434 tuso.
979 2377 1008 2452 5,
1025 2378 1086 2435 112

77 2465 129 2525 ait.
175 2463 242 2524 Val.
269 2465 347 2523 Max.
367 2465 401 2539 8,
422 2466 489 2540 7,4
523 2456 585 2522 ‘ius
617 2463 704 2522 eiuile
736 2465 847 2539 populo
876 2464 1087 2542 benignissime

76 2552 294 2629 interpretatus
318 2546 388 2612 est'.

486 2648 679 2726 Responsa.

168 2759 206 2824 D.
228 2761 277 2842 19,
294 2761 322 2842 1,
337 2761 378 2825 38
399 2762 419 2841 ξ
437 2762 464 2823 1.
506 2756 620 2823 Celsus
640 2758 725 2821 libro
745 2762 859 2822 octavo
879 2756 1086 2842 Digestorum

78 2848 127 2932 (P.
144 2845 210 2935 79).
233 2885 270 2894 -
293 2848 326 2914 si
345 2871 401 2932 per
420 2851 599 2931 emptorem
619 2848 755 2931 steterit,
778 2847 932 2931 quoniam
951 2848 980 2910 ei
999 2869 1086 2911 man·

78 2939 196 3021 oipium
221 2937 411 3018 traderetur,
434 2958 492 3020 pro
517 2935 646 3000 cibariis
665 2956 723 3018 per
742 2935 912 3000 arbitrium
931 2935 1087 2999 indemni·

77 3028 180 3090 tatem
200 3047 295 3110 posse
315 3026 436 3090 servari
451 3024 567 3089 Sextus
584 3023 703 3106 Aelius,
722 3023 847 3088 Drusus
867 3024 1016 3088 dixerunt
1034 3074 1041 3088 .
1057 3073 1087 3090 ..

397 3216 492 3275 Iuris
516 3215 638 3275 civilis
662 3215 768 3274 libri?

166 3331 235 3391 Val.
252 3331 329 3391 Max.
349 3335 382 3409 8,
398 3333 430 3407 7,
445 3333 476 3390 4.
499 3374 550 3390 ...
575 3325 806 3408 ‘utilissimaque
834 3331 948 3389 discere
971 3329 1002 3388 id
1026 3322 1087 3410 (ius

77 3411 180 3502 ciuile)
209 3421 396 3496 cupientibus
424 3422 618 3481 monumenta
645 3412 822 3497 composuit'
831 3465 838 3478 .
880 3419 968 3476 risun
992 3419 1113 3493 enatat.
