<?xml version="1.0" encoding="UTF-8"?>
<!DOCTYPE html PUBLIC "-//W3C//DTD XHTML 1.0 Transitional//EN"
    "http://www.w3.org/TR/xhtml1/DTD/xhtml1-transitional.dtd">
<html xmlns="http://www.w3.org/1999/xhtml" xml:lang="en" lang="en">
 <head>
  <title>
</title>
<meta http-equiv="Content-Type" content="text/html;charset=utf-8" />
  <meta name='ocr-system' content='tesseract 3.04.00' />
  <meta name='ocr-capabilities' content='ocr_page ocr_carea ocr_par ocr_line ocrx_word'/>
</head>
<body>
  <div class='ocr_page' id='page_1' title='image "./iurisprudentiae00bremgoog_0403.png"; bbox 0 0 2422 3840; ppageno 0'>
   <div class='ocr_carea' id='block_1_1' title="bbox 128 160 1145 227">
    <p class='ocr_par' dir='ltr' id='par_1_1' title="bbox 128 160 1145 227">
     <span class='ocr_line' id='line_1_1' title="bbox 128 160 1145 227; baseline -0.008 0"><span class='ocrx_word' id='word_1_1' title='bbox 128 164 195 227; x_wconf 82' lang='lat'><strong>390</strong></span> <span class='ocrx_word' id='word_1_2' title='bbox 227 163 299 218; x_wconf 70' lang='lat'>7111.</span> <span class='ocrx_word' id='word_1_3' title='bbox 315 161 450 219; x_wconf 87' lang='lat' dir='ltr'><strong>OCTAVI</strong></span> <span class='ocrx_word' id='word_1_4' title='bbox 464 161 563 218; x_wconf 71' lang='lat' dir='ltr'><strong>stuc.</strong></span> <span class='ocrx_word' id='word_1_5' title='bbox 573 161 670 217; x_wconf 86' lang='lat' dir='ltr'><strong>IURIS</strong></span> <span class='ocrx_word' id='word_1_6' title='bbox 686 160 856 218; x_wconf 87' lang='lat' dir='ltr'><strong>CONSULT.</strong></span> <span class='ocrx_word' id='word_1_7' title='bbox 868 161 990 218; x_wconf 74' lang='lat' dir='ltr'><strong>saulus</strong></span> <span class='ocrx_word' id='word_1_8' title='bbox 1006 163 1145 219; x_wconf 83' lang='lat' dir='ltr'><strong>TERTIA</strong></span> 
     </span>
    </p>
   </div>
   <div class='ocr_carea' id='block_1_2' title="bbox 127 323 1192 946">
    <p class='ocr_par' dir='ltr' id='par_1_2' title="bbox 127 323 1144 854">
     <span class='ocr_line' id='line_1_2' title="bbox 127 323 1144 412; baseline 0.003 -23"><span class='ocrx_word' id='word_1_9' title='bbox 127 331 273 391; x_wconf 88' lang='lat' dir='ltr'><strong>Proculus</strong></span> <span class='ocrx_word' id='word_1_10' title='bbox 301 324 513 412; x_wconf 89' lang='lat' dir='ltr'><strong>probamus&#39;),</strong></span> <span class='ocrx_word' id='word_1_11' title='bbox 543 331 634 391; x_wconf 91' lang='lat' dir='ltr'><strong>aliam</strong></span> <span class='ocrx_word' id='word_1_12' title='bbox 661 329 843 406; x_wconf 84' lang='lat' dir='ltr'><strong>improbavit</strong></span> <span class='ocrx_word' id='word_1_13' title='bbox 872 323 920 412; x_wconf 88' lang='lat' dir='ltr'><strong>(D.</strong></span> <span class='ocrx_word' id='word_1_14' title='bbox 941 334 991 408; x_wconf 88' lang='lat'><strong>32,</strong></span> <span class='ocrx_word' id='word_1_15' title='bbox 1014 333 1088 410; x_wconf 87' lang='lat'>100,</span> <span class='ocrx_word' id='word_1_16' title='bbox 1109 336 1144 410; x_wconf 92' lang='grc'><strong>2,</strong></span> 
     </span>
     <span class='ocr_line' id='line_1_3' title="bbox 128 413 1143 500; baseline 0.002 -21"><span class='ocrx_word' id='word_1_17' title='bbox 128 413 420 499; x_wconf 76' lang='grc'><strong>61.1).24,1,64).</strong></span> <span class='ocrx_word' id='word_1_18' title='bbox 465 420 597 496; x_wconf 81' lang='lat' dir='ltr'><strong>Pegasus</strong></span> <span class='ocrx_word' id='word_1_19' title='bbox 621 419 797 478; x_wconf 77' lang='lat' dir='ltr'>Trebatium</span> <span class='ocrx_word' id='word_1_20' title='bbox 824 424 944 479; x_wconf 88' lang='lat' dir='ltr'><strong>secutus</strong></span> <span class='ocrx_word' id='word_1_21' title='bbox 971 424 1016 480; x_wconf 88' lang='lat' dir='ltr'><strong>est</strong></span> <span class='ocrx_word' id='word_1_22' title='bbox 1040 416 1143 500; x_wconf 86' lang='lat' dir='ltr'><strong>(‘Tre-</strong></span> 
     </span>
     <span class='ocr_line' id='line_1_4' title="bbox 127 499 1143 586; baseline 0.003 -19"><span class='ocrx_word' id='word_1_23' title='bbox 127 509 229 567; x_wconf 87' lang='lat' dir='ltr'><strong>batius</strong></span> <span class='ocrx_word' id='word_1_24' title='bbox 248 512 280 567; x_wconf 92' lang='lat' dir='ltr'><strong>et</strong></span> <span class='ocrx_word' id='word_1_25' title='bbox 296 504 442 586; x_wconf 84' lang='lat' dir='ltr'><strong>Pegasus’</strong></span> <span class='ocrx_word' id='word_1_26' title='bbox 461 509 498 568; x_wconf 88' lang='lat' dir='ltr'><strong>D.</strong></span> <span class='ocrx_word' id='word_1_27' title='bbox 513 511 605 585; x_wconf 93' lang='grc'><strong>41,1,</strong></span> <span class='ocrx_word' id='word_1_28' title='bbox 620 499 687 586; x_wconf 87' lang='grc'>40),</span> <span class='ocrx_word' id='word_1_29' title='bbox 707 508 828 567; x_wconf 78' lang='lat' dir='ltr'><strong>Priscus</strong></span> <span class='ocrx_word' id='word_1_30' title='bbox 844 509 998 568; x_wconf 82' lang='lat' dir='ltr'><strong>Fulcinius</strong></span> <span class='ocrx_word' id='word_1_31' title='bbox 1017 529 1143 586; x_wconf 89' lang='lat' dir='ltr'><strong>respon·</strong></span> 
     </span>
     <span class='ocr_line' id='line_1_5' title="bbox 128 588 1142 677; baseline 0.004 -21"><span class='ocrx_word' id='word_1_32' title='bbox 128 615 195 656; x_wconf 88' lang='lat' dir='ltr'><strong>sum</strong></span> <span class='ocrx_word' id='word_1_33' title='bbox 219 598 282 656; x_wconf 90' lang='lat' dir='ltr'><strong>eius</strong></span> <span class='ocrx_word' id='word_1_34' title='bbox 306 597 415 656; x_wconf 91' lang='lat' dir='ltr'><strong>falsum</strong></span> <span class='ocrx_word' id='word_1_35' title='bbox 439 597 586 657; x_wconf 83' lang='lat' dir='ltr'><strong>iudicavit</strong></span> <span class='ocrx_word' id='word_1_36' title='bbox 607 588 657 677; x_wconf 83' lang='lat'>(1).</span> <span class='ocrx_word' id='word_1_37' title='bbox 673 599 724 672; x_wconf 85' lang='lat'><strong>31,</strong></span> <span class='ocrx_word' id='word_1_38' title='bbox 738 599 790 674; x_wconf 82' lang='lat'><strong>49,</strong></span> <span class='ocrx_word' id='word_1_39' title='bbox 806 599 838 656; x_wconf 83' lang='lat'><strong>2:</strong></span> <span class='ocrx_word' id='word_1_40' title='bbox 863 592 974 657; x_wconf 88' lang='lat' dir='ltr'><strong>‘Labeo</strong></span> <span class='ocrx_word' id='word_1_41' title='bbox 998 599 1142 662; x_wconf 87' lang='lat' dir='ltr'><strong>refert..</strong></span> 
     </span>
     <span class='ocr_line' id='line_1_6' title="bbox 128 685 1142 763; baseline 0.003 -19"><span class='ocrx_word' id='word_1_42' title='bbox 128 686 304 745; x_wconf 75' lang='lat' dir='ltr'><strong>Trebatium</strong></span> <span class='ocrx_word' id='word_1_43' title='bbox 327 687 527 763; x_wconf 88' lang='lat' dir='ltr'><strong>respondisse,</strong></span> <span class='ocrx_word' id='word_1_44' title='bbox 552 685 630 762; x_wconf 92' lang='lat' dir='ltr'><strong>quod</strong></span> <span class='ocrx_word' id='word_1_45' title='bbox 654 731 683 746; x_wconf 94' lang='lat'><strong>..</strong></span> <span class='ocrx_word' id='word_1_46' title='bbox 708 686 829 745; x_wconf 85' lang='lat' dir='ltr'><strong>Priscus</strong></span> <span class='ocrx_word' id='word_1_47' title='bbox 849 686 1003 746; x_wconf 84' lang='lat' dir='ltr'><strong>Fulcinius</strong></span> <span class='ocrx_word' id='word_1_48' title='bbox 1027 688 1142 747; x_wconf 88' lang='lat' dir='ltr'><strong>falsum</strong></span> 
     </span>
     <span class='ocr_line' id='line_1_7' title="bbox 127 767 350 854; baseline 0 -21"><span class='ocrx_word' id='word_1_49' title='bbox 127 793 190 834; x_wconf 89' lang='lat' dir='ltr'><strong>esse</strong></span> <span class='ocrx_word' id='word_1_50' title='bbox 214 767 350 854; x_wconf 86' lang='lat' dir='ltr'><strong>aiebat&#39;).</strong></span> 
     </span>
    </p>

    <p class='ocr_par' dir='ltr' id='par_1_3' title="bbox 216 863 1192 946">
     <span class='ocr_line' id='line_1_8' title="bbox 216 863 1192 946; baseline 0.004 -25"><span class='ocrx_word' id='word_1_51' title='bbox 216 863 374 923; x_wconf 86' lang='lat' dir='ltr'><strong>lavolenus</strong></span> <span class='ocrx_word' id='word_1_52' title='bbox 396 863 516 922; x_wconf 86' lang='lat' dir='ltr'><strong>Priscus</strong></span> <span class='ocrx_word' id='word_1_53' title='bbox 539 863 571 922; x_wconf 91' lang='lat' dir='ltr'><strong>in</strong></span> <span class='ocrx_word' id='word_1_54' title='bbox 594 863 688 940; x_wconf 91' lang='lat' dir='ltr'><strong>libris,</strong></span> <span class='ocrx_word' id='word_1_55' title='bbox 710 881 784 940; x_wconf 91' lang='lat' dir='ltr'><strong>quos</strong></span> <span class='ocrx_word' id='word_1_56' title='bbox 808 882 844 922; x_wconf 83' lang='lat' dir='ltr'><strong>ex</strong></span> <span class='ocrx_word' id='word_1_57' title='bbox 866 863 1015 923; x_wconf 86' lang='lat' dir='ltr'><strong>Labeonis</strong></span> <span class='ocrx_word' id='word_1_58' title='bbox 1038 869 1142 940; x_wconf 92' lang='lat' dir='ltr'><strong>poste·</strong></span> <span class='ocrx_word' id='word_1_59' title='bbox 1190 942 1192 946; x_wconf 66' lang='lat'>,</span> 
     </span>
    </p>
   </div>
   <div class='ocr_carea' id='block_1_3' title="bbox 22 933 1141 1030">
    <p class='ocr_par' dir='ltr' id='par_1_4' title="bbox 22 933 1141 1030">
     <span class='ocr_line' id='line_1_9' title="bbox 22 933 1141 1030; baseline 0.004 -21"><span class='ocrx_word' id='word_1_60' title='bbox 22 933 26 942; x_wconf 45' lang='lat'><strong><em>¹</em></strong></span> <span class='ocrx_word' id='word_1_61' title='bbox 127 951 257 1010; x_wconf 91' lang='lat' dir='ltr'><strong>rioribus</strong></span> <span class='ocrx_word' id='word_1_62' title='bbox 282 952 423 1028; x_wconf 80' lang='lat' dir='ltr'><strong>confecit,</strong></span> <span class='ocrx_word' id='word_1_63' title='bbox 445 953 557 1011; x_wconf 89' lang='lat' dir='ltr'><strong>multas</strong></span> <span class='ocrx_word' id='word_1_64' title='bbox 581 952 644 1010; x_wconf 92' lang='lat' dir='ltr'><strong>eius</strong></span> <span class='ocrx_word' id='word_1_65' title='bbox 668 952 831 1010; x_wconf 87' lang='lat' dir='ltr'><strong>sententias</strong></span> <span class='ocrx_word' id='word_1_66' title='bbox 855 952 1002 1030; x_wconf 86' lang='lat' dir='ltr'><strong>probavit,</strong></span> <span class='ocrx_word' id='word_1_67' title='bbox 1025 955 1141 1014; x_wconf 91' lang='lat' dir='ltr'><strong>multas</strong></span> 
     </span>
    </p>
   </div>
   <div class='ocr_carea' id='block_1_4' title="bbox 111 1035 1141 3602">
    <p class='ocr_par' dir='ltr' id='par_1_5' title="bbox 111 1035 1141 3602">
     <span class='ocr_line' id='line_1_10' title="bbox 127 1035 1141 1116; baseline 0.005 -18"><span class='ocrx_word' id='word_1_68' title='bbox 127 1041 239 1100; x_wconf 89' lang='lat' dir='ltr'><strong>reiecit.</strong></span> <span class='ocrx_word' id='word_1_69' title='bbox 289 1041 448 1116; x_wconf 89' lang='lat' dir='ltr'><strong>utriusque</strong></span> <span class='ocrx_word' id='word_1_70' title='bbox 480 1041 599 1116; x_wconf 87' lang='lat' dir='ltr'><strong>generis</strong></span> <span class='ocrx_word' id='word_1_71' title='bbox 626 1039 706 1099; x_wconf 89' lang='lat' dir='ltr'><strong>diota</strong></span> <span class='ocrx_word' id='word_1_72' title='bbox 733 1040 781 1099; x_wconf 89' lang='grc'><strong>116</strong></span> <span class='ocrx_word' id='word_1_73' title='bbox 810 1041 961 1100; x_wconf 86' lang='lat' dir='ltr'><strong>collocavi.</strong></span> <span class='ocrx_word' id='word_1_74' title='bbox 1011 1035 1141 1103; x_wconf 89' lang='lat' dir='ltr'><strong>‘Treba-</strong></span> 
     </span>
     <span class='ocr_line' id='line_1_11' title="bbox 126 1128 1064 1205; baseline 0.004 -17"><span class='ocrx_word' id='word_1_75' title='bbox 126 1130 187 1188; x_wconf 89' lang='lat' dir='ltr'><strong>tius</strong></span> <span class='ocrx_word' id='word_1_76' title='bbox 215 1130 370 1205; x_wconf 91' lang='lat' dir='ltr'><strong>respondit</strong></span> <span class='ocrx_word' id='word_1_77' title='bbox 468 1129 568 1189; x_wconf 87' lang='lat' dir='ltr'><strong>Labeo</strong></span> <span class='ocrx_word' id='word_1_78' title='bbox 592 1128 725 1188; x_wconf 75' lang='lat' dir='ltr'><strong>Trebatii</strong></span> <span class='ocrx_word' id='word_1_79' title='bbox 751 1129 929 1189; x_wconf 85' lang='lat' dir='ltr'><strong>sententiam</strong></span> <span class='ocrx_word' id='word_1_80' title='bbox 953 1131 1064 1204; x_wconf 89' lang='lat' dir='ltr'><strong>probat</strong></span> 
     </span>
     <span class='ocr_line' id='line_1_12' title="bbox 111 1210 1141 1295; baseline 0.004 -20"><span class='ocrx_word' id='word_1_81' title='bbox 111 1217 206 1276; x_wconf 49' lang='lat' dir='ltr'><strong>¹idem</strong></span> <span class='ocrx_word' id='word_1_82' title='bbox 229 1221 260 1276; x_wconf 91' lang='lat' dir='ltr'><strong>et</strong></span> <span class='ocrx_word' id='word_1_83' title='bbox 283 1237 337 1295; x_wconf 82' lang='lat' dir='ltr'><strong>ego</strong></span> <span class='ocrx_word' id='word_1_84' title='bbox 362 1222 393 1276; x_wconf 91' lang='lat' dir='ltr'><strong>et</strong></span> <span class='ocrx_word' id='word_1_85' title='bbox 415 1218 560 1277; x_wconf 90' lang='lat' dir='ltr'><strong>Proculus</strong></span> <span class='ocrx_word' id='word_1_86' title='bbox 584 1210 761 1293; x_wconf 87' lang='lat' dir='ltr'><strong>probamus&#39;</strong></span> <span class='ocrx_word' id='word_1_87' title='bbox 785 1218 819 1278; x_wconf 94' lang='lat' dir='ltr'><strong>D.</strong></span> <span class='ocrx_word' id='word_1_88' title='bbox 841 1220 936 1294; x_wconf 86' lang='lat'>35,1,</span> <span class='ocrx_word' id='word_1_89' title='bbox 955 1220 1008 1279; x_wconf 88' lang='grc'><strong>40.</strong></span> <span class='ocrx_word' id='word_1_90' title='bbox 1054 1213 1141 1279; x_wconf 91' lang='lat' dir='ltr'><strong>‘Tre-</strong></span> 
     </span>
     <span class='ocr_line' id='line_1_13' title="bbox 124 1306 1141 1384; baseline 0.002 -19"><span class='ocrx_word' id='word_1_91' title='bbox 124 1307 226 1366; x_wconf 85' lang='lat' dir='ltr'><strong>batius</strong></span> <span class='ocrx_word' id='word_1_92' title='bbox 254 1309 346 1384; x_wconf 81' lang='lat' dir='ltr'><strong>negat</strong></span> <span class='ocrx_word' id='word_1_93' title='bbox 370 1350 429 1366; x_wconf 88' lang='lat'><strong>...</strong></span> <span class='ocrx_word' id='word_1_94' title='bbox 453 1306 554 1365; x_wconf 87' lang='lat' dir='ltr'><strong>Labeo</strong></span> <span class='ocrx_word' id='word_1_95' title='bbox 583 1309 686 1365; x_wconf 92' lang='lat' dir='ltr'><strong>contra</strong></span> <span class='ocrx_word' id='word_1_96' title='bbox 709 1353 715 1366; x_wconf 94' lang='lat'>.</span> <span class='ocrx_word' id='word_1_97' title='bbox 735 1353 741 1367; x_wconf 94' lang='lat'>.</span> <span class='ocrx_word' id='word_1_98' title='bbox 763 1350 771 1365; x_wconf 97' lang='lat'>.</span> <span class='ocrx_word' id='word_1_99' title='bbox 794 1306 930 1366; x_wconf 80' lang='lat' dir='ltr'><strong>Trebatii</strong></span> <span class='ocrx_word' id='word_1_100' title='bbox 957 1309 1141 1367; x_wconf 89' lang='lat' dir='ltr'><strong>sententiam</strong></span> 
     </span>
     <span class='ocr_line' id='line_1_14' title="bbox 124 1387 1140 1472; baseline 0.003 -19"><span class='ocrx_word' id='word_1_101' title='bbox 124 1387 230 1470; x_wconf 92' lang='lat' dir='ltr'><strong>probo&#39;</strong></span> <span class='ocrx_word' id='word_1_102' title='bbox 254 1395 290 1454; x_wconf 92' lang='lat' dir='ltr'><strong>D.</strong></span> <span class='ocrx_word' id='word_1_103' title='bbox 311 1398 361 1468; x_wconf 87' lang='lat'><strong>28,</strong></span> <span class='ocrx_word' id='word_1_104' title='bbox 378 1396 477 1471; x_wconf 91' lang='grc'><strong>8,11,</strong></span> <span class='ocrx_word' id='word_1_105' title='bbox 505 1390 682 1454; x_wconf 77' lang='lat' dir='ltr'><strong>‘Trebatius</strong></span> <span class='ocrx_word' id='word_1_106' title='bbox 710 1397 802 1472; x_wconf 86' lang='lat' dir='ltr'><strong>negat</strong></span> <span class='ocrx_word' id='word_1_107' title='bbox 899 1396 999 1454; x_wconf 89' lang='lat' dir='ltr'><strong>Labeo</strong></span> <span class='ocrx_word' id='word_1_108' title='bbox 1023 1400 1140 1471; x_wconf 86' lang='lat' dir='ltr'><strong>eontra,</strong></span> 
     </span>
     <span class='ocr_line' id='line_1_15' title="bbox 124 1482 1139 1561; baseline 0.005 -20"><span class='ocrx_word' id='word_1_109' title='bbox 124 1484 269 1543; x_wconf 90' lang='lat' dir='ltr'><strong>Proculus</strong></span> <span class='ocrx_word' id='word_1_110' title='bbox 303 1483 384 1560; x_wconf 92' lang='lat' dir='ltr'><strong>quod</strong></span> <span class='ocrx_word' id='word_1_111' title='bbox 412 1484 520 1543; x_wconf 89' lang='lat' dir='ltr'><strong>Labeo.</strong></span> <span class='ocrx_word' id='word_1_112' title='bbox 571 1503 625 1561; x_wconf 82' lang='lat' dir='ltr'><strong>ego</strong></span> <span class='ocrx_word' id='word_1_113' title='bbox 654 1483 788 1542; x_wconf 85' lang='lat' dir='ltr'><strong>Trebatii</strong></span> <span class='ocrx_word' id='word_1_114' title='bbox 819 1484 999 1542; x_wconf 87' lang='lat' dir='ltr'><strong>sententiam</strong></span> <span class='ocrx_word' id='word_1_115' title='bbox 1026 1482 1139 1560; x_wconf 88' lang='lat' dir='ltr'><strong>probo&#39;</strong></span> 
     </span>
     <span class='ocr_line' id='line_1_16' title="bbox 124 1566 1139 1651; baseline 0.006 -22"><span class='ocrx_word' id='word_1_116' title='bbox 124 1571 161 1629; x_wconf 92' lang='lat' dir='ltr'><strong>D.</strong></span> <span class='ocrx_word' id='word_1_117' title='bbox 182 1575 237 1648; x_wconf 86' lang='lat'><strong>26,</strong></span> <span class='ocrx_word' id='word_1_118' title='bbox 257 1575 290 1646; x_wconf 94' lang='lat'><strong>2,</strong></span> <span class='ocrx_word' id='word_1_119' title='bbox 311 1573 365 1647; x_wconf 91' lang='grc'><strong>33,</strong></span> <span class='ocrx_word' id='word_1_120' title='bbox 394 1566 549 1648; x_wconf 72' lang='lat' dir='ltr'><strong>‘respondi</strong></span> <span class='ocrx_word' id='word_1_121' title='bbox 577 1617 637 1631; x_wconf 92' lang='lat'><strong>...</strong></span> <span class='ocrx_word' id='word_1_122' title='bbox 665 1572 745 1630; x_wconf 92' lang='lat' dir='ltr'><strong>idem</strong></span> <span class='ocrx_word' id='word_1_123' title='bbox 774 1576 805 1630; x_wconf 91' lang='lat' dir='ltr'><strong>et</strong></span> <span class='ocrx_word' id='word_1_124' title='bbox 833 1567 1004 1632; x_wconf 86' lang='lat' dir='ltr'><strong>Trebatius’</strong></span> <span class='ocrx_word' id='word_1_125' title='bbox 1028 1573 1065 1631; x_wconf 93' lang='lat' dir='ltr'>D.</span> <span class='ocrx_word' id='word_1_126' title='bbox 1087 1577 1139 1651; x_wconf 87' lang='grc'><strong>30,</strong></span> 
     </span>
     <span class='ocr_line' id='line_1_17' title="bbox 126 1654 1139 1741; baseline 0.002 -22"><span class='ocrx_word' id='word_1_127' title='bbox 126 1662 239 1737; x_wconf 75' lang='grc'><strong>3011,</strong></span> <span class='ocrx_word' id='word_1_128' title='bbox 271 1655 424 1735; x_wconf 90' lang='lat' dir='ltr'><strong>‘respondi</strong></span> <span class='ocrx_word' id='word_1_129' title='bbox 453 1705 504 1734; x_wconf 69' lang='grc'><strong>,..</strong></span> <span class='ocrx_word' id='word_1_130' title='bbox 532 1661 612 1737; x_wconf 87' lang='lat' dir='ltr'><strong>quod</strong></span> <span class='ocrx_word' id='word_1_131' title='bbox 639 1664 670 1720; x_wconf 92' lang='lat' dir='ltr'><strong>et</strong></span> <span class='ocrx_word' id='word_1_132' title='bbox 698 1654 873 1719; x_wconf 90' lang='lat' dir='ltr'><strong>Trebatius&#39;</strong></span> <span class='ocrx_word' id='word_1_133' title='bbox 902 1660 937 1720; x_wconf 93' lang='lat' dir='ltr'><strong>D.</strong></span> <span class='ocrx_word' id='word_1_134' title='bbox 958 1663 1012 1737; x_wconf 89' lang='grc'><strong>33,</strong></span> <span class='ocrx_word' id='word_1_135' title='bbox 1032 1664 1061 1738; x_wconf 88' lang='grc'><strong>8,</strong></span> <span class='ocrx_word' id='word_1_136' title='bbox 1082 1665 1139 1741; x_wconf 87' lang='grc'><strong>22,</strong></span> 
     </span>
     <span class='ocr_line' id='line_1_18' title="bbox 124 1743 1138 1830; baseline 0.003 -22"><span class='ocrx_word' id='word_1_137' title='bbox 124 1743 274 1808; x_wconf 89' lang='lat' dir='ltr'><strong>‘existimo</strong></span> <span class='ocrx_word' id='word_1_138' title='bbox 373 1750 454 1825; x_wconf 91' lang='lat' dir='ltr'><strong>quod</strong></span> <span class='ocrx_word' id='word_1_139' title='bbox 482 1755 513 1808; x_wconf 91' lang='lat' dir='ltr'><strong>et</strong></span> <span class='ocrx_word' id='word_1_140' title='bbox 536 1749 695 1808; x_wconf 86' lang='lat' dir='ltr'><strong>Trebatius</strong></span> <span class='ocrx_word' id='word_1_141' title='bbox 718 1745 884 1824; x_wconf 87' lang='lat' dir='ltr'><strong>respondit&#39;</strong></span> <span class='ocrx_word' id='word_1_142' title='bbox 906 1751 942 1808; x_wconf 91' lang='lat' dir='ltr'><strong>D.</strong></span> <span class='ocrx_word' id='word_1_143' title='bbox 963 1752 1013 1826; x_wconf 89' lang='grc'><strong>32,</strong></span> <span class='ocrx_word' id='word_1_144' title='bbox 1034 1753 1085 1824; x_wconf 92' lang='grc'><strong>30,</strong></span> <span class='ocrx_word' id='word_1_145' title='bbox 1103 1756 1138 1830; x_wconf 95' lang='grc'><strong>2,</strong></span> 
     </span>
     <span class='ocr_line' id='line_1_19' title="bbox 124 1830 1138 1918; baseline 0.006 -24"><span class='ocrx_word' id='word_1_146' title='bbox 124 1830 236 1898; x_wconf 88' lang='lat' dir='ltr'><strong>‘Labeo</strong></span> <span class='ocrx_word' id='word_1_147' title='bbox 243 1838 401 1897; x_wconf 91' lang='lat' dir='ltr'><strong>Trebatius</strong></span> <span class='ocrx_word' id='word_1_148' title='bbox 411 1839 637 1914; x_wconf 87' lang='lat' dir='ltr'><strong>responderunt,</strong></span> <span class='ocrx_word' id='word_1_149' title='bbox 647 1837 728 1914; x_wconf 93' lang='lat' dir='ltr'><strong>quod</strong></span> <span class='ocrx_word' id='word_1_150' title='bbox 736 1857 840 1897; x_wconf 84' lang='lat' dir='ltr'><strong>verum</strong></span> <span class='ocrx_word' id='word_1_151' title='bbox 852 1833 909 1898; x_wconf 90' lang='lat' dir='ltr'><strong>est&#39;</strong></span> <span class='ocrx_word' id='word_1_152' title='bbox 921 1838 1138 1918; x_wconf 84' lang='grc'><strong>0.33,100,4,</strong></span> 
     </span>
     <span class='ocr_line' id='line_1_20' title="bbox 124 1919 1137 2007; baseline 0.005 -23"><span class='ocrx_word' id='word_1_153' title='bbox 124 1920 236 1986; x_wconf 87' lang='lat' dir='ltr'><strong>‘Labeo</strong></span> <span class='ocrx_word' id='word_1_154' title='bbox 252 1927 411 1986; x_wconf 85' lang='lat' dir='ltr'><strong>Trebatius</strong></span> <span class='ocrx_word' id='word_1_155' title='bbox 430 1930 549 2004; x_wconf 91' lang='lat' dir='ltr'><strong>putant,</strong></span> <span class='ocrx_word' id='word_1_156' title='bbox 567 1927 657 2004; x_wconf 92' lang='lat' dir='ltr'><strong>idque</strong></span> <span class='ocrx_word' id='word_1_157' title='bbox 675 1945 781 1986; x_wconf 83' lang='lat' dir='ltr'><strong>verum</strong></span> <span class='ocrx_word' id='word_1_158' title='bbox 801 1919 858 1985; x_wconf 90' lang='lat' dir='ltr'><strong>est&#39;</strong></span> <span class='ocrx_word' id='word_1_159' title='bbox 873 1927 909 1987; x_wconf 91' lang='lat' dir='ltr'>D.</span> <span class='ocrx_word' id='word_1_160' title='bbox 925 1929 976 2003; x_wconf 89' lang='grc'><strong>24,</strong></span> <span class='ocrx_word' id='word_1_161' title='bbox 989 1930 1018 2005; x_wconf 90' lang='grc'><strong>3,</strong></span> <span class='ocrx_word' id='word_1_162' title='bbox 1035 1931 1087 2002; x_wconf 90' lang='grc'><strong>66,</strong></span> <span class='ocrx_word' id='word_1_163' title='bbox 1103 1932 1137 2007; x_wconf 93' lang='grc'><strong>2,</strong></span> 
     </span>
     <span class='ocr_line' id='line_1_21' title="bbox 124 2009 1137 2091; baseline 0.003 -18"><span class='ocrx_word' id='word_1_164' title='bbox 124 2009 143 2074; x_wconf 92' lang='lat'><strong>‘.</strong></span> <span class='ocrx_word' id='word_1_165' title='bbox 154 2061 178 2075; x_wconf 94' lang='lat'><strong>..</strong></span> <span class='ocrx_word' id='word_1_166' title='bbox 194 2014 299 2074; x_wconf 85' lang='lat' dir='ltr'><strong>Ofilius</strong></span> <span class='ocrx_word' id='word_1_167' title='bbox 314 2017 365 2074; x_wconf 87' lang='lat' dir='ltr'><strong>ait.</strong></span> <span class='ocrx_word' id='word_1_168' title='bbox 388 2015 488 2074; x_wconf 87' lang='lat' dir='ltr'><strong>Labeo</strong></span> <span class='ocrx_word' id='word_1_169' title='bbox 508 2015 672 2074; x_wconf 78' lang='lat' dir='ltr'><strong>Cascellius</strong></span> <span class='ocrx_word' id='word_1_170' title='bbox 692 2015 851 2075; x_wconf 86' lang='lat' dir='ltr'><strong>Trebatius</strong></span> <span class='ocrx_word' id='word_1_171' title='bbox 866 2058 919 2088; x_wconf 89' lang='lat'>...,</span> <span class='ocrx_word' id='word_1_172' title='bbox 934 2016 1014 2091; x_wconf 90' lang='lat' dir='ltr'><strong>quod</strong></span> <span class='ocrx_word' id='word_1_173' title='bbox 1028 2037 1137 2076; x_wconf 87' lang='lat' dir='ltr'><strong>verum</strong></span> 
     </span>
     <span class='ocr_line' id='line_1_22' title="bbox 122 2099 1137 2181; baseline 0.002 -18"><span class='ocrx_word' id='word_1_174' title='bbox 122 2099 209 2181; x_wconf 90' lang='lat' dir='ltr'><strong>puto&#39;</strong></span> <span class='ocrx_word' id='word_1_175' title='bbox 234 2104 270 2163; x_wconf 81' lang='lat' dir='ltr'>D.</span> <span class='ocrx_word' id='word_1_176' title='bbox 287 2106 337 2180; x_wconf 85' lang='lat'><strong>33,</strong></span> <span class='ocrx_word' id='word_1_177' title='bbox 354 2109 382 2180; x_wconf 93' lang='lat'><strong>7,</strong></span> <span class='ocrx_word' id='word_1_178' title='bbox 398 2107 467 2179; x_wconf 82' lang='grc'><strong>28,</strong></span> <span class='ocrx_word' id='word_1_179' title='bbox 482 2099 593 2164; x_wconf 87' lang='lat' dir='ltr'><strong>‘Labeo</strong></span> <span class='ocrx_word' id='word_1_180' title='bbox 618 2104 774 2163; x_wconf 87' lang='lat' dir='ltr'><strong>Trebatius</strong></span> <span class='ocrx_word' id='word_1_181' title='bbox 799 2149 827 2163; x_wconf 91' lang='lat'><strong>..</strong></span> <span class='ocrx_word' id='word_1_182' title='bbox 851 2108 960 2179; x_wconf 88' lang='lat' dir='ltr'><strong>putant</strong></span> <span class='ocrx_word' id='word_1_183' title='bbox 983 2146 1048 2181; x_wconf 83' lang='lat'>...„</span> <span class='ocrx_word' id='word_1_184' title='bbox 1079 2105 1137 2165; x_wconf 89' lang='lat' dir='ltr'><strong>Ca-</strong></span> 
     </span>
     <span class='ocr_line' id='line_1_23' title="bbox 123 2187 1137 2274; baseline 0.002 -23"><span class='ocrx_word' id='word_1_185' title='bbox 123 2194 243 2252; x_wconf 87' lang='lat' dir='ltr'><strong>scellius</strong></span> <span class='ocrx_word' id='word_1_186' title='bbox 266 2197 377 2252; x_wconf 87' lang='lat' dir='ltr'><strong>contra.</strong></span> <span class='ocrx_word' id='word_1_187' title='bbox 423 2193 571 2252; x_wconf 90' lang='lat' dir='ltr'><strong>Labeonis</strong></span> <span class='ocrx_word' id='word_1_188' title='bbox 597 2192 776 2252; x_wconf 88' lang='lat' dir='ltr'><strong>sententiam</strong></span> <span class='ocrx_word' id='word_1_189' title='bbox 799 2187 905 2267; x_wconf 90' lang='lat' dir='ltr'><strong>probo&#39;</strong></span> <span class='ocrx_word' id='word_1_190' title='bbox 928 2194 963 2251; x_wconf 91' lang='lat' dir='ltr'>D.</span> <span class='ocrx_word' id='word_1_191' title='bbox 984 2195 1036 2273; x_wconf 83' lang='lat'><strong>33,</strong></span> <span class='ocrx_word' id='word_1_192' title='bbox 1059 2198 1087 2274; x_wconf 91' lang='lat'><strong>7,</strong></span> <span class='ocrx_word' id='word_1_193' title='bbox 1102 2198 1137 2271; x_wconf 92' lang='grc'><strong>4,</strong></span> 
     </span>
     <span class='ocr_line' id='line_1_24' title="bbox 123 2274 1134 2359; baseline 0.002 -20"><span class='ocrx_word' id='word_1_194' title='bbox 123 2274 238 2341; x_wconf 89' lang='lat' dir='ltr'><strong>‘Labeo</strong></span> <span class='ocrx_word' id='word_1_195' title='bbox 263 2281 422 2339; x_wconf 86' lang='lat' dir='ltr'><strong>Trebatius</strong></span> <span class='ocrx_word' id='word_1_196' title='bbox 450 2284 559 2356; x_wconf 87' lang='lat' dir='ltr'><strong>putant</strong></span> <span class='ocrx_word' id='word_1_197' title='bbox 665 2281 709 2338; x_wconf 92' lang='lat' dir='ltr'><strong>ita</strong></span> <span class='ocrx_word' id='word_1_198' title='bbox 736 2280 766 2338; x_wconf 93' lang='lat' dir='ltr'><strong>id</strong></span> <span class='ocrx_word' id='word_1_199' title='bbox 793 2300 898 2340; x_wconf 80' lang='lat' dir='ltr'><strong>verum</strong></span> <span class='ocrx_word' id='word_1_200' title='bbox 922 2283 1008 2359; x_wconf 88' lang='lat' dir='ltr'><strong>puto,</strong></span> <span class='ocrx_word' id='word_1_201' title='bbox 1037 2283 1064 2341; x_wconf 91' lang='lat' dir='ltr'><strong>si</strong></span> <span class='ocrx_word' id='word_1_202' title='bbox 1088 2278 1134 2342; x_wconf 92' lang='lat'>..&#39;</span> 
     </span>
     <span class='ocr_line' id='line_1_25' title="bbox 122 2368 1136 2447; baseline 0.003 -19"><span class='ocrx_word' id='word_1_203' title='bbox 122 2370 160 2429; x_wconf 91' lang='lat' dir='ltr'>D.</span> <span class='ocrx_word' id='word_1_204' title='bbox 179 2371 235 2447; x_wconf 85' lang='lat'><strong>33,</strong></span> <span class='ocrx_word' id='word_1_205' title='bbox 251 2373 279 2446; x_wconf 92' lang='lat'><strong>7,</strong></span> <span class='ocrx_word' id='word_1_206' title='bbox 299 2371 349 2430; x_wconf 85' lang='lat'><strong>26.</strong></span> <span class='ocrx_word' id='word_1_207' title='bbox 399 2370 453 2428; x_wconf 90' lang='lat' dir='ltr'><strong>ubi</strong></span> <span class='ocrx_word' id='word_1_208' title='bbox 484 2369 641 2430; x_wconf 87' lang='lat' dir='ltr'><strong>Iavolenus</strong></span> <span class='ocrx_word' id='word_1_209' title='bbox 675 2368 810 2428; x_wconf 89' lang='lat' dir='ltr'><strong>Trebatii</strong></span> <span class='ocrx_word' id='word_1_210' title='bbox 842 2370 1005 2429; x_wconf 88' lang='lat' dir='ltr'><strong>sententias</strong></span> <span class='ocrx_word' id='word_1_211' title='bbox 1038 2372 1136 2447; x_wconf 87' lang='lat' dir='ltr'><strong>reicit,</strong></span> 
     </span>
     <span class='ocr_line' id='line_1_26' title="bbox 121 2458 1136 2535; baseline 0.003 -19"><span class='ocrx_word' id='word_1_212' title='bbox 121 2459 297 2535; x_wconf 87' lang='lat' dir='ltr'><strong>plerumque</strong></span> <span class='ocrx_word' id='word_1_213' title='bbox 334 2460 388 2517; x_wconf 87' lang='lat' dir='ltr'><strong>aut</strong></span> <span class='ocrx_word' id='word_1_214' title='bbox 419 2458 589 2518; x_wconf 89' lang='lat' dir='ltr'><strong>Labeonem</strong></span> <span class='ocrx_word' id='word_1_215' title='bbox 624 2461 678 2517; x_wconf 87' lang='lat' dir='ltr'><strong>aut</strong></span> <span class='ocrx_word' id='word_1_216' title='bbox 710 2459 871 2518; x_wconf 89' lang='lat' dir='ltr'><strong>Proculum</strong></span> <span class='ocrx_word' id='word_1_217' title='bbox 907 2459 1136 2519; x_wconf 88' lang='lat' dir='ltr'><strong>dissentientem</strong></span> 
     </span>
     <span class='ocr_line' id='line_1_27' title="bbox 122 2541 1137 2623; baseline 0.004 -18"><span class='ocrx_word' id='word_1_218' title='bbox 122 2547 265 2622; x_wconf 89' lang='lat' dir='ltr'><strong>sequitur.</strong></span> <span class='ocrx_word' id='word_1_219' title='bbox 313 2541 488 2605; x_wconf 77' lang='lat' dir='ltr'><strong>‘Cascellius</strong></span> <span class='ocrx_word' id='word_1_220' title='bbox 512 2546 670 2606; x_wconf 85' lang='lat' dir='ltr'><strong>Trebatius</strong></span> <span class='ocrx_word' id='word_1_221' title='bbox 694 2550 805 2623; x_wconf 79' lang='lat' dir='ltr'><strong>negant</strong></span> <span class='ocrx_word' id='word_1_222' title='bbox 824 2591 830 2604; x_wconf 98' lang='lat'>.</span> <span class='ocrx_word' id='word_1_223' title='bbox 846 2594 874 2606; x_wconf 95' lang='lat'><strong>..</strong></span> <span class='ocrx_word' id='word_1_224' title='bbox 895 2547 995 2606; x_wconf 92' lang='lat' dir='ltr'><strong>Labeo</strong></span> <span class='ocrx_word' id='word_1_225' title='bbox 1018 2548 1050 2606; x_wconf 90' lang='lat' dir='ltr'><strong>id</strong></span> <span class='ocrx_word' id='word_1_226' title='bbox 1073 2569 1137 2609; x_wconf 92' lang='lat' dir='ltr'><strong>non</strong></span> 
     </span>
     <span class='ocr_line' id='line_1_28' title="bbox 121 2634 1135 2798; baseline 0.004 -17"><span class='ocrx_word' id='word_1_227' title='bbox 121 2634 316 2782; x_wconf 62' lang='lat' dir='ltr'><strong>Petilli..</strong></span> <span class='ocrx_word' id='word_1_228' title='bbox 335 2634 491 2798; x_wconf 47' lang='lat' dir='ltr'><strong>..iiiiii</strong></span> <span class='ocrx_word' id='word_1_229' title='bbox 506 2638 841 2782; x_wconf 64' lang='lat' dir='ltr'><strong>.⁸dlii‘s¹‘dssllel⁵i</strong></span> <span class='ocrx_word' id='word_1_230' title='bbox 868 2635 998 2784; x_wconf 60' lang='lat' dir='ltr'><strong>llll</strong></span> <span class='ocrx_word' id='word_1_231' title='bbox 1019 2639 1135 2786; x_wconf 61' lang='lat' dir='ltr'><strong>‘itt</strong></span> 
     </span>
     <span class='ocr_line' id='line_1_29' title="bbox 121 2805 1135 2888; baseline 0.002 -18"><span class='ocrx_word' id='word_1_232' title='bbox 121 2811 260 2870; x_wconf 80' lang='lat' dir='ltr'><strong>Cascellii</strong></span> <span class='ocrx_word' id='word_1_233' title='bbox 293 2812 472 2871; x_wconf 89' lang='lat' dir='ltr'><strong>sententiam</strong></span> <span class='ocrx_word' id='word_1_234' title='bbox 503 2813 623 2888; x_wconf 88' lang='lat' dir='ltr'><strong>probet,</strong></span> <span class='ocrx_word' id='word_1_235' title='bbox 657 2812 736 2888; x_wconf 92' lang='lat' dir='ltr'><strong>quod</strong></span> <span class='ocrx_word' id='word_1_236' title='bbox 768 2831 873 2872; x_wconf 83' lang='lat' dir='ltr'><strong>verum</strong></span> <span class='ocrx_word' id='word_1_237' title='bbox 905 2805 992 2888; x_wconf 90' lang='lat' dir='ltr'><strong>puto&#39;</strong></span> <span class='ocrx_word' id='word_1_238' title='bbox 1023 2814 1060 2872; x_wconf 92' lang='lat' dir='ltr'>D.</span> <span class='ocrx_word' id='word_1_239' title='bbox 1081 2817 1135 2888; x_wconf 88' lang='lat'><strong>32,</strong></span> 
     </span>
     <span class='ocr_line' id='line_1_30' title="bbox 124 2894 1134 2976; baseline 0.003 -16"><span class='ocrx_word' id='word_1_240' title='bbox 124 2903 254 2976; x_wconf 87' lang='lat'>100,1;</span> <span class='ocrx_word' id='word_1_241' title='bbox 283 2894 457 2960; x_wconf 88' lang='lat' dir='ltr'><strong>‘Trebatius</strong></span> <span class='ocrx_word' id='word_1_242' title='bbox 486 2901 586 2961; x_wconf 91' lang='lat' dir='ltr'><strong>aiebat</strong></span> <span class='ocrx_word' id='word_1_243' title='bbox 684 2898 790 2960; x_wconf 92' lang='lat' dir='ltr'><strong>Ofilius</strong></span> <span class='ocrx_word' id='word_1_244' title='bbox 820 2899 983 2960; x_wconf 86' lang='lat' dir='ltr'><strong>Cascellius</strong></span> <span class='ocrx_word' id='word_1_245' title='bbox 1013 2902 1134 2963; x_wconf 89' lang='lat' dir='ltr'><strong>Tubero</strong></span> 
     </span>
     <span class='ocr_line' id='line_1_31' title="bbox 203 2983 1135 3070; baseline 0.001 -20.919"><span class='ocrx_word' id='word_1_246' title='bbox 203 2990 302 3048; x_wconf 88' lang='lat' dir='ltr'><strong>Labeo</strong></span> <span class='ocrx_word' id='word_1_247' title='bbox 334 2988 366 3047; x_wconf 92' lang='lat' dir='ltr'><strong>id</strong></span> <span class='ocrx_word' id='word_1_248' title='bbox 397 2989 505 3065; x_wconf 89' lang='lat' dir='ltr'><strong>probat</strong></span> <span class='ocrx_word' id='word_1_249' title='bbox 536 2989 626 3066; x_wconf 92' lang='lat' dir='ltr'><strong>idque</strong></span> <span class='ocrx_word' id='word_1_250' title='bbox 656 3009 763 3049; x_wconf 80' lang='lat' dir='ltr'><strong>verum</strong></span> <span class='ocrx_word' id='word_1_251' title='bbox 795 2983 853 3048; x_wconf 91' lang='lat' dir='ltr'><strong>est&#39;</strong></span> <span class='ocrx_word' id='word_1_252' title='bbox 881 2990 917 3050; x_wconf 90' lang='lat' dir='ltr'>D.</span> <span class='ocrx_word' id='word_1_253' title='bbox 938 2992 989 3066; x_wconf 86' lang='lat'><strong>33,</strong></span> <span class='ocrx_word' id='word_1_254' title='bbox 1006 2992 1034 3068; x_wconf 94' lang='grc'><strong>6,</strong></span> <span class='ocrx_word' id='word_1_255' title='bbox 1050 2994 1135 3070; x_wconf 90' lang='lat' dir='ltr'><strong>7pr.,</strong></span> 
     </span>
     <span class='ocr_line' id='line_1_32' title="bbox 120 3071 1135 3155; baseline 0.004 -19"><span class='ocrx_word' id='word_1_256' title='bbox 120 3081 157 3138; x_wconf 91' lang='lat' dir='ltr'><strong>cf.</strong></span> <span class='ocrx_word' id='word_1_257' title='bbox 176 3079 213 3139; x_wconf 91' lang='lat' dir='ltr'>D.</span> <span class='ocrx_word' id='word_1_258' title='bbox 228 3081 280 3155; x_wconf 91' lang='grc'><strong>40,</strong></span> <span class='ocrx_word' id='word_1_259' title='bbox 297 3081 325 3155; x_wconf 94' lang='grc'><strong>7,</strong></span> <span class='ocrx_word' id='word_1_260' title='bbox 340 3079 391 3152; x_wconf 87' lang='grc'><strong>39,</strong></span> <span class='ocrx_word' id='word_1_261' title='bbox 406 3081 440 3155; x_wconf 95' lang='grc'><strong>4,</strong></span> <span class='ocrx_word' id='word_1_262' title='bbox 464 3071 635 3138; x_wconf 88' lang='lat' dir='ltr'><strong>‘Trebatius</strong></span> <span class='ocrx_word' id='word_1_263' title='bbox 659 3122 688 3137; x_wconf 89' lang='lat'><strong>..</strong></span> <span class='ocrx_word' id='word_1_264' title='bbox 711 3078 866 3152; x_wconf 87' lang='lat' dir='ltr'><strong>respondit</strong></span> <span class='ocrx_word' id='word_1_265' title='bbox 885 3124 891 3136; x_wconf 91' lang='lat'>.</span> <span class='ocrx_word' id='word_1_266' title='bbox 907 3123 936 3137; x_wconf 93' lang='lat'><strong>..</strong></span> <span class='ocrx_word' id='word_1_267' title='bbox 956 3078 1008 3137; x_wconf 90' lang='lat' dir='ltr'><strong>sed</strong></span> <span class='ocrx_word' id='word_1_268' title='bbox 1027 3099 1135 3140; x_wconf 87' lang='lat' dir='ltr'><strong>verum</strong></span> 
     </span>
     <span class='ocr_line' id='line_1_33' title="bbox 122 3159 1134 3246; baseline 0.002 -20"><span class='ocrx_word' id='word_1_269' title='bbox 122 3172 180 3243; x_wconf 86' lang='lat' dir='ltr'><strong>est,</strong></span> <span class='ocrx_word' id='word_1_270' title='bbox 212 3168 291 3243; x_wconf 92' lang='lat' dir='ltr'><strong>quod</strong></span> <span class='ocrx_word' id='word_1_271' title='bbox 323 3166 469 3226; x_wconf 91' lang='lat' dir='ltr'><strong>Proculus</strong></span> <span class='ocrx_word' id='word_1_272' title='bbox 502 3170 533 3225; x_wconf 92' lang='lat' dir='ltr'><strong>et</strong></span> <span class='ocrx_word' id='word_1_273' title='bbox 563 3165 711 3226; x_wconf 89' lang='lat' dir='ltr'><strong>Caecilius</strong></span> <span class='ocrx_word' id='word_1_274' title='bbox 744 3159 868 3242; x_wconf 90' lang='lat' dir='ltr'><strong>putant&#39;</strong></span> <span class='ocrx_word' id='word_1_275' title='bbox 895 3167 1056 3245; x_wconf 83' lang='lat' dir='ltr'>D.24‚1‚</span> <span class='ocrx_word' id='word_1_276' title='bbox 1078 3171 1134 3246; x_wconf 94' lang='grc'><strong>64,</strong></span> 
     </span>
     <span class='ocr_line' id='line_1_34' title="bbox 119 3249 1134 3332; baseline 0.004 -19"><span class='ocrx_word' id='word_1_277' title='bbox 119 3249 293 3315; x_wconf 88' lang='lat' dir='ltr'><strong>‘Trebatius</strong></span> <span class='ocrx_word' id='word_1_278' title='bbox 401 3258 501 3332; x_wconf 88' lang='lat' dir='ltr'><strong>putat,</strong></span> <span class='ocrx_word' id='word_1_279' title='bbox 529 3256 675 3316; x_wconf 89' lang='lat' dir='ltr'><strong>Proculus</strong></span> <span class='ocrx_word' id='word_1_280' title='bbox 699 3299 762 3328; x_wconf 88' lang='lat'>...,</span> <span class='ocrx_word' id='word_1_281' title='bbox 791 3255 871 3332; x_wconf 93' lang='lat' dir='ltr'><strong>quod</strong></span> <span class='ocrx_word' id='word_1_282' title='bbox 894 3259 924 3314; x_wconf 90' lang='lat' dir='ltr'><strong>et</strong></span> <span class='ocrx_word' id='word_1_283' title='bbox 946 3275 1052 3315; x_wconf 83' lang='lat' dir='ltr'><strong>verum</strong></span> <span class='ocrx_word' id='word_1_284' title='bbox 1076 3253 1134 3317; x_wconf 91' lang='lat' dir='ltr'><strong>est&#39;</strong></span> 
     </span>
     <span class='ocr_line' id='line_1_35' title="bbox 119 3343 1134 3422; baseline 0.005 -21"><span class='ocrx_word' id='word_1_285' title='bbox 119 3343 157 3402; x_wconf 88' lang='lat' dir='ltr'>D.</span> <span class='ocrx_word' id='word_1_286' title='bbox 177 3347 232 3422; x_wconf 87' lang='lat'><strong>32,</strong></span> <span class='ocrx_word' id='word_1_287' title='bbox 253 3348 329 3420; x_wconf 92' lang='grc'><strong>100,</strong></span> <span class='ocrx_word' id='word_1_288' title='bbox 347 3347 374 3403; x_wconf 90' lang='grc'><strong>2,</strong></span> <span class='ocrx_word' id='word_1_289' title='bbox 420 3363 634 3421; x_wconf 90' lang='lat' dir='ltr'><strong>nonnunquam</strong></span> <span class='ocrx_word' id='word_1_290' title='bbox 665 3345 714 3404; x_wconf 84' lang='lat' dir='ltr'><strong>vel</strong></span> <span class='ocrx_word' id='word_1_291' title='bbox 742 3344 876 3404; x_wconf 90' lang='lat' dir='ltr'><strong>Trebatii</strong></span> <span class='ocrx_word' id='word_1_292' title='bbox 903 3345 957 3403; x_wconf 71' lang='lat' dir='ltr'><strong>nel</strong></span> <span class='ocrx_word' id='word_1_293' title='bbox 984 3344 1134 3406; x_wconf 89' lang='lat' dir='ltr'><strong>Labeonis</strong></span> 
     </span>
     <span class='ocr_line' id='line_1_36' title="bbox 122 3432 1133 3509; baseline 0.005 -19"><span class='ocrx_word' id='word_1_294' title='bbox 122 3432 313 3509; x_wconf 91' lang='lat' dir='ltr'><strong>Trebatiique</strong></span> <span class='ocrx_word' id='word_1_295' title='bbox 342 3452 529 3493; x_wconf 88' lang='lat' dir='ltr'><strong>communem</strong></span> <span class='ocrx_word' id='word_1_296' title='bbox 556 3433 735 3493; x_wconf 88' lang='lat' dir='ltr'><strong>sententiam</strong></span> <span class='ocrx_word' id='word_1_297' title='bbox 762 3433 882 3509; x_wconf 89' lang='lat' dir='ltr'><strong>proprio</strong></span> <span class='ocrx_word' id='word_1_298' title='bbox 905 3432 1004 3492; x_wconf 89' lang='lat' dir='ltr'><strong>Marte</strong></span> <span class='ocrx_word' id='word_1_299' title='bbox 1032 3435 1133 3495; x_wconf 89' lang='lat' dir='ltr'><strong>reicit:</strong></span> 
     </span>
     <span class='ocr_line' id='line_1_37' title="bbox 115 3512 1134 3602; baseline 0.01 -28"><span class='ocrx_word' id='word_1_300' title='bbox 115 3512 254 3580; x_wconf 80' lang='lat' dir='ltr'><strong>‘Blaesus</strong></span> <span class='ocrx_word' id='word_1_301' title='bbox 281 3522 327 3582; x_wconf 88' lang='lat' dir='ltr'><strong>ait</strong></span> <span class='ocrx_word' id='word_1_302' title='bbox 352 3521 529 3584; x_wconf 88' lang='lat' dir='ltr'><strong>Trebatium</strong></span> <span class='ocrx_word' id='word_1_303' title='bbox 556 3522 744 3602; x_wconf 85' lang='lat' dir='ltr'><strong>respondisse</strong></span> <span class='ocrx_word' id='word_1_304' title='bbox 853 3537 907 3599; x_wconf 82' lang='lat' dir='ltr'><strong>ego</strong></span> <span class='ocrx_word' id='word_1_305' title='bbox 935 3522 991 3581; x_wconf 91' lang='lat' dir='ltr'><strong>hoc</strong></span> <span class='ocrx_word' id='word_1_306' title='bbox 1019 3524 1134 3583; x_wconf 87' lang='lat' dir='ltr'><strong>falsum</strong></span> 
     </span>
    </p>
   </div>
   <div class='ocr_carea' id='block_1_5' title="bbox 0 0 1216 3840">
    <p class='ocr_par' dir='ltr' id='par_1_6' title="bbox 0 0 1216 3840">
     <span class='ocr_line' id='line_1_38' title="bbox 0 0 1216 3840; baseline 0 2"><span class='ocrx_word' id='word_1_307' title='bbox 0 0 1216 3840; x_wconf 95' lang='lat' dir='ltr'><strong> </strong></span> 
     </span>
    </p>
   </div>
  </div>
 </body>
</html>
