2422 3840
121 175 186 239 316
214 175 288 232 VIII.
304 173 437 230 00qu
452 172 656 231 saudauma
672 171 980 228 consumeremus
995 172 1134 228 TERTIA

487 334 530 389 ne
549 335 622 389 zara
640 334 766 388 vautra.
786 300 788 303 ’

211 435 261 499 79.
289 434 363 520 Dig.
379 436 429 514 18,
445 436 474 519 6,
491 436 540 500 13.
572 433 691 498 Paulus
715 433 799 498 libro
818 434 915 498 tertio
934 433 1045 498 Alfeni
1065 435 1134 518 epi·

120 527 283 589 tomarum
307 522 356 607 (P.
374 520 441 611 52).
486 522 603 588 Lectos
626 528 752 606 emptos
776 522 902 605 aedilis,
925 543 997 586 cum
1020 525 1054 585 in
1077 525 1132 587 via

120 613 251 697 publica
263 612 362 697 positi
377 617 494 695 essent,
513 610 662 677 concidit.
695 612 722 675 si
739 611 852 675 traditi
867 616 975 675 essent
990 613 1133 695 emptori

121 705 178 766 aut
195 723 254 786 per
272 723 345 765 eum
365 701 511 764 stetisset
530 722 592 785 quc
612 698 719 764 minus
738 699 952 785 traderentur,
975 701 1136 783 emptoris

119 790 296 874 periculum
320 811 390 854 esse
413 789 529 873 placet.

421 972 468 1030 De
490 973 627 1031 locotione
649 972 838 1030 conductione.

444 1079 488 1133 Dc
506 1078 653 1133 caenaculo
672 1079 810 1133 conducto.

211 1179 262 1244 80.
290 1178 330 1243 D.
346 1178 396 1262 19,
415 1179 445 1259 2,
460 1180 501 1242 27
518 1200 565 1262 pr.
607 1176 742 1243 Alfenus
764 1178 848 1243 libro
874 1178 1011 1243 secundo
1034 1177 1135 1263 Dige-

122 1271 245 1333 storum
265 1265 313 1353 (P.
330 1264 397 1353 15).
432 1265 642 1331 Habitatores
660 1288 735 1351 non,
759 1268 787 1331 si
804 1268 901 1350 paulo
920 1267 1028 1330 minus
1048 1288 1133 1331 com-

121 1357 215 1422 mode
239 1357 348 1439 aliqua
369 1361 462 1438 parte
487 1354 650 1420 caenaculi
673 1359 854 1437 uterentur,
883 1356 994 1420 statim
1018 1355 1132 1420 deduc-

120 1446 241 1509 tionem
266 1465 304 1508 ex
328 1445 473 1508 mercede
495 1444 600 1508 facere
624 1446 766 1528 oportet:
790 1466 827 1508 ea
850 1467 922 1508 eum
945 1444 1133 1509 condicione

121 1533 341 1598 habitatorem
365 1554 444 1616 esse,
467 1535 505 1597 ut
522 1532 551 1597 si
570 1532 647 1617 quid
666 1535 936 1598 transversarium
955 1532 1135 1617 incidisset,
1203 1549 1205 1555 ·

122 1622 334 1706 quamobrem
362 1620 527 1685 dominum
553 1619 676 1706 aliquid
700 1621 847 1686 demoliri
871 1625 1049 1704 oporteret,
1077 1621 1134 1686 ali·

123 1731 220 1794 quam
242 1714 368 1793 partem
391 1710 559 1794 parvulam
580 1710 775 1775 incommodi
795 1711 968 1774 sustineret
987 1711 1134 1790 [nonita

122 1805 247 1883 tamen,
273 1802 310 1861 ut
337 1820 407 1863 eam
434 1804 561 1882 partem
585 1799 749 1864 caenaculi
772 1799 920 1863 dominus
944 1799 1133 1882 aperuisset,

122 1888 157 1952 in
180 1909 278 1971 quam
302 1907 454 1972 magnam
478 1890 603 1970 partem
626 1909 703 1951 usus
726 1887 893 1952 habitator
915 1886 1074 1971 haberet}

129 2057 131 2062 ,
210 1991 333 2050 lactuca
354 1992 443 2050 certa
467 1991 585 2050 Peratce
607 1992 693 2049 ctcctt

212 2093 264 2157 81.
292 2092 330 2157 D.
348 2093 423 2158 ibid.
443 2094 506 2172 51.
547 2089 669 2156 Iterum
688 2093 908 2175 interrogatus
928 2094 990 2173 est,
1014 2091 1134 2175 siquis

121 2180 247 2245 timoris
280 2202 376 2246 causa
408 2182 615 2265 emigrasset,
653 2178 783 2245 deberet
813 2178 992 2244 mercedem
1024 2201 1135 2245 necne.

122 2269 303 2352 respondit,
340 2271 367 2334 si
404 2291 501 2334 causa
538 2268 654 2332 fuisset
689 2290 745 2332 cur
781 2269 958 2352 periculum
994 2268 1135 2351 timeret,

123 2358 271 2441 quamvis
312 2357 490 2442 periculum
526 2378 601 2421 vere
636 2377 703 2420 non
738 2356 855 2420 fuisset
892 2354 1029 2440 [tamen]
1066 2378 1134 2420 non

122 2445 237 2510 debere
275 2446 452 2511 mercedem
490 2444 560 2525 [sed
597 2443 625 2508 si
662 2466 760 2508 causa
791 2445 917 2509 timoris
949 2445 1035 2509 iusta
1066 2467 1135 2510 non

122 2533 252 2615 fuisset,
274 2534 376 2599 nihilo
400 2534 506 2597 minus
531 2532 670 2614 debere}

485 2679 529 2734 Dc
545 2680 614 2735 cillo
631 2681 773 2735 conducta.

213 2779 264 2844 82.
292 2778 330 2844 D.
352 2779 408 2859 19,
427 2779 461 2857 2,
479 2780 536 2857 30,
554 2780 585 2844 4.
621 2778 712 2843 Idem
734 2776 902 2867 (Alfenus)
926 2780 1011 2845 libro
1035 2782 1149 2846 tertio·

122 2866 331 2952 Digestorum
352 2890 371 2931 a
388 2866 492 2933 Paulo
511 2869 763 2953 epitomatorum
782 2866 832 2954 (P.
846 2871 898 2951 54,
911 2867 958 2955 4).
989 2867 1134 2935 colonus

123 2955 234 3021 villam
267 2955 329 3021 hac
356 2958 429 3041 lege
456 2962 638 3040 acceperat,
671 2962 707 3021 ut
736 2957 958 3041 incorruptam
986 2958 1136 3024 redderet

123 3049 253 3129 praeter
280 3046 346 3110 rim
375 3050 408 3109 et
434 3049 639 3111 vetustatem
685 3045 791 3111 coloni
818 3067 928 3110 servus
952 3046 1062 3110 villam
1084 3047 1134 3111 in·

123 3132 232 3198 cendit
262 3156 328 3199 non
361 3134 496 3199 fortuito
529 3156 614 3200 casu.
664 3157 730 3199 non
757 3133 860 3199 videri
888 3157 959 3199 eam
987 3135 1053 3199 vim
1083 3157 1136 3200 ex-

123 3226 249 3306 ceptam
277 3223 445 3306 rcspondit
471 3245 530 3288 nec
557 3223 589 3288 id
618 3227 749 3306 pactum
776 3245 859 3307 esse,
887 3228 937 3307 ut,
952 3224 992 3292 ,si
1016 3222 1135 3308 aliquis

123 3310 319 3376 domesticus
343 3333 413 3376 eam
436 3312 645 3393 incendisset,
667 3333 707 3376 ne
730 3316 923 3394 praestaret,
947 3311 1001 3376 sed
1025 3318 1136 3377 extra-

123 3399 203 3462 riam
228 3400 293 3464 vim
316 3398 447 3484 utiquc1
470 3400 615 3484 excipere
637 3399 787 3465 voluisse.

186 3543 203 3589 1
225 3537 307 3594 Flor.
329 3540 471 3611 uncaque.
