2422 3840
392 146 416 194 4.
440 139 477 196 Μ.
496 139 649 195 PORCIUS
668 139 762 197 CATO
1041 143 1081 207 17

72 303 230 388 5551199,
254 311 375 382 praetor
398 307 552 367 Sardiniae
572 302 731 386 stollas,
755 328 813 369 cos.
834 304 992 389 5591195,
1015 329 1082 370 cen·

72 415 122 456 sor
147 391 309 475 sionei,
333 396 408 456 osus
433 390 589 472 cosule.

161 485 288 554 Quintil.
310 487 482 563 12,11,23
512 477 606 543 ‘idem
629 486 669 544 M.
689 483 763 545 Cato
792 504 926 547 summus
953 489 1081 565 impera·

71 577 133 650 tor,
161 573 239 632 idem
263 574 394 649 sapiens,
417 573 495 634 idem
519 577 634 651 orator,
660 574 740 633 idem
767 575 910 634 historiae
938 577 1081 651 conditor,

72 663 152 721 idem
186 662 274 734 iuris,
308 663 388 721 idem
422 681 524 721 rerum
558 663 741 722 rusticarum
769 663 968 738 peritissimus
1000 659 1081 726 fuit'.

71 750 175 810 Cicero
199 751 235 809 de
259 753 431 829 or.1,171
463 745 553 810 ‘iuris
577 751 674 811 civilis
699 752 832 812 omnium
855 748 1081 830 peritissimus,

71 841 100 912 3,
124 841 184 900 135
215 832 303 897 ‘num
326 840 397 915 quia
419 840 466 898 ius
490 839 577 898 civile
601 840 757 918 didicerat,
786 860 892 900 causas
920 862 980 901 non
1003 843 1081 901 diee-

71 929 124 987 bat
152 931 205 987 aut
233 927 302 1002 quia
329 930 449 1003 poterat
476 929 586 1004 dicere,
612 929 687 989 iuris
711 930 867 990 scientiam
889 930 1082 1008 negligebat?

70 1021 197 1092 utroque
220 1016 251 1075 in
274 1035 382 1094 genere
403 1020 435 1076 et
457 1016 624 1078 elaboravit
642 1021 673 1077 et
691 1013 864 1094 praestit't'.
901 1019 1082 1095 Pomponius

70 1103 148 1181 §38
178 1100 300 1165 ‘deinde
328 1098 381 1186 (sc.
405 1108 474 1180 post
496 1099 612 1184 Aelios)
636 1107 675 1166 M.
696 1104 770 1167 Cato
797 1108 935 1184 princeps
958 1109 1081 1168 Porciae

69 1194 216 1272 familiae,
240 1193 325 1254 cuius
349 1197 380 1254 et
402 1194 473 1253 libri
496 1188 636 1254 exstant'.

481 1345 673 1421 Responsa.

160 1458 304 1519 Catonem
340 1461 562 1519 consulentibus
599 1479 741 1536 responsa
777 1461 909 1534 dedisse,
946 1466 1010 1521 tam
1046 1481 1081 1521 ex

69 1549 252 1624 scriptorum
279 1549 459 1608 testimoniis
488 1568 577 1625 quarn
602 1568 692 1608 exre
715 1550 780 1625 ipsa
803 1551 1003 1628 colligendum
1027 1555 1080 1611 est.

68 1655 280 1712 responsorum
307 1657 377 1697 vero
405 1638 487 1711 libri,
515 1657 589 1714 quos
613 1638 715 1697 Cicero
743 1639 779 1698 de
803 1658 844 1699 or.
870 1641 898 1716 2,
914 1642 954 1699 33
979 1637 1078 1715 §142

69 1726 217 1803 nominat,
244 1745 303 1785 non
328 1726 416 1785 huius
440 1725 575 1804 Catonis,
604 1727 655 1786 sed
683 1727 805 1802 minoris
834 1733 912 1788 suut.
958 1729 1080 1787 unicum

69 1814 150 1890 quod
173 1813 295 1874 Catonis
321 1815 454 1874 traditur
480 1832 657 1890 responsum
685 1816 723 1873 ad
750 1815 796 1874 ius
826 1820 961 1891 spectare
989 1836 1080 1894 nega·

68 1904 178 1981 verim;
202 1904 281 1979 quod
304 1904 383 1962 enirn
404 1904 566 1979 Augustis.
585 1903 621 1962 de
641 1904 718 1962 doct.
736 1905 837 1962 christ.
859 1906 887 1980 2,
908 1907 950 1964 20
973 1907 1080 1964 refert:

69 1985 161 2050 ‘Cato
190 2011 257 2050 oum
285 1996 364 2051 esset
392 1993 547 2052 consultus
571 1991 753 2069 aquodam,
783 1992 836 2066 qui
858 1992 915 2050 sibi
939 2012 1040 2052 erosas
1063 2012 1081 2053 a

67 2081 215 2140 soricibus
244 2081 354 2158 caligas
381 2080 506 2156 diceret,
536 2079 703 2156 respondit:
730 2099 790 2138 non
813 2097 877 2139 esse
900 2080 975 2138 illud
999 2099 1080 2140 mon-

68 2173 175 2244 strum,
200 2169 252 2228 sed
274 2189 343 2230 vere
367 2173 532 2228 monstrum
557 2169 726 2228 habendum
750 2169 856 2234 fuisse,
880 2169 906 2227 si
930 2169 1038 2229 sorices
1062 2189 1080 2228 a

67 2258 175 2336 caligis
194 2252 390 2333 roderentur',
409 2258 593 2317 tralaticium
612 2277 676 2317 esse
691 2257 774 2316 Rich.
788 2257 899 2316 Heinze
917 2278 963 2316 me
979 2258 1079 2336 uocet,

67 2367 139 2406 nam
159 2344 294 2406 Clemens
312 2346 397 2405 Alex.
413 2351 514 2406 strom.
529 2346 596 2425 vll,
612 2349 640 2424 4,
657 2349 698 2405 24
723 2348 795 2405 haec
819 2348 910 2405 habet
932 2345 961 2406 ri
979 2343 1010 2406 δὲ
1028 2344 1079 2408 καὶ

67 2432 244 2513 θαυμαστὸν
268 2433 294 2494 εἰ
316 2431 332 2494 ὁ
354 2443 421 2514 μῦς,
445 2432 538 2512 φησὶν
558 2431 574 2494 ὁ
592 2435 684 2511 Βίων,
706 2432 758 2495 τὸν
776 2434 912 2495 θύλακον
931 2433 1080 2515 ὃιένραγεν
1187 2479 1188 2482 =

66 2523 122 2602 οὐχ
146 2520 241 2602 εὑρὼν
264 2523 281 2582 b'
303 2546 330 2582 τι
353 2523 448 2608 φάγῃ,
472 2532 557 2584 τοῦτο
583 2522 638 2603 γὰρ
661 2516 700 2602 ἦν
723 2522 911 2601 θαυμαστόν,
935 2524 961 2583 εἰ
983 2523 1078 2605 ὥσπερ

65 2605 251 2691 Ἀρκεσίλαος
271 2611 391 2684 ,παίζων
417 2610 564 2691 ἐνεχείρει,
592 2611 643 2672 τὸν
667 2619 727 2690 μῦν
751 2607 766 2670 ὁ
789 2612 885 2685 dailo}
908 2609 1079 2692 κατέφαγεν.

68 2705 201 2760 ceterum
226 2701 335 2760 sorices
358 2703 389 2760 in
413 2702 558 2777 prodigiis
582 2703 679 2761 locum
701 2701 840 2760 babuisse
860 2701 1005 2760 traditum
1025 2706 1078 2762 est.

68 2790 145 2848 Plin.
168 2809 197 2850 n.
221 2789 248 2848 h.
275 2793 303 2868 8,
319 2793 393 2849 223.
894 2794 896 2797 ’

84 2948 87 2952 ⁸
157 2878 206 2936 Ad
225 2878 423 2954 respondendi
441 2898 549 2937 munus
568 2878 719 2954 pertinent
738 2877 830 2936 etiam
848 2878 976 2954 quodam
992 2879 1078 2937 modo

67 2966 220 3026 orationes
244 2967 275 3024 in
298 2967 416 3026 iudiciis
440 2967 565 3043 privatis
589 2966 718 3043 habitae,
742 2966 779 3024 ad
799 2983 872 3043 quas
891 2967 1080 3025 referendum

68 3055 190 3114 videtur
209 3056 287 3131 quod
307 3054 408 3115 Cicero
428 3056 464 3114 de
483 3075 524 3114 or.
541 3058 569 3130 3,
586 3058 647 3116 135
664 3054 808 3114 Catonem
826 3049 873 3114 ‘ex
891 3054 1079 3130 privatorum

67 3139 211 3222 negotiis'
244 3144 399 3219 collegisse
431 3145 558 3220 gratiam
593 3144 695 3203 tradit.
746 3145 781 3201 de
813 3143 860 3202 his
893 3144 1078 3202 orationibus

68 3252 96 3293 v.
120 3232 158 3291 H.
182 3233 296 3292 Jordan
322 3233 361 3293 M.
386 3231 507 3291 Catonis
539 3237 658 3307 praeter
689 3232 801 3291 librum
833 3232 868 3290 de
901 3251 933 3289 re
966 3232 1079 3290 rustica

66 3339 146 3398 quae
170 3324 297 3380 exstant.
320 3321 389 3396 Lps.
412 3323 497 3381 1860
520 3343 547 3397 p.
569 3323 620 3394 33,
648 3321 684 3380 cf.
707 3342 735 3396 p.
754 3319 929 3379 LXXXVII.
964 3320 1079 3379 addita·

68 3412 172 3468 menta
196 3409 275 3484 apud
293 3410 328 3470 L.
349 3410 476 3467 Mueller
494 3410 550 3467 Rh.
568 3409 644 3468 Mus.
663 3409 780 3488 xxiii,
792 3410 870 3470 bal.
882 3407 986 3465 XXXX
998 3408 1102 3478 ,Qu
1187 3491 1190 3496 Ι

66 3499 107 3558 cf.
128 3499 216 3556 Joers
240 3519 268 3572 p.
284 3499 399 3576 arssq.

114 3605 208 3652 Inrr'spr.
223 3606 339 3649 antebadr.
354 3610 406 3651 rell.
422 3611 456 3654 ed
474 3613 582 3659 Bremer.
888 3601 911 3647 ‘2
