2422 3840
284 189 286 192 ’
366 181 390 232 5.
415 177 443 230 O.
457 174 659 231 TREBATIUS
678 175 794 231 TESTA
1018 173 1083 239 377

76 338 138 402 hoc
160 338 232 420 ipso
257 337 409 403 Trebatio
434 360 506 404 cum
524 338 629 404 Balbo
651 343 764 403 nostro
788 338 936 421 loquerer
959 359 1085 403 accura-

76 428 141 491 tius
165 427 252 491 domi
274 448 373 510 meae,
395 427 523 492 litterae
546 427 627 492 mibi
651 428 769 492 dantur
792 450 811 491 a
835 431 882 509 te,
910 426 1026 509 quibus
1049 429 1084 490 in

76 517 226 579 extremis
247 516 403 600 scriptum
422 525 502 580 aratz
521 515 602 596 †‘M.
617 516 643 580 it
660 516 771 580 fiviurn
791 536 884 598 quem
904 514 984 578 mihi
999 536 1084 579 com·

78 604 223 686 mendas,
250 604 302 668 vel
331 603 589 688 regem'Galliae
616 604 747 693 faciam,
776 603 827 668 vel
855 603 940 668 hunc
963 602 1084 687 Leptae

77 693 199 777 delega,
223 694 250 756 si
273 693 331 757 vis.
376 693 476 757 tuad
499 716 551 758 me
575 692 678 758 alium
698 692 805 776 mitte,
834 713 928 776 quem
952 691 1102 756 ornem.'·

77 781 266 846 sustulimus
291 803 405 846 manus
430 785 462 845 et
485 802 545 866 ego
565 786 598 845 et
616 781 752 846 Balbus:
776 784 870 845 tanta
888 780 949 845 fuit
968 803 1086 865 oppor-

77 869 210 952 tunitas,
233 873 269 935 ut
290 870 371 934 illud
394 870 501 935 nescio
526 870 610 954 quod
633 892 699 934 non
720 869 907 955 fortuitum,
930 870 985 934 sed
1009 870 1085 934 div-i·

77 981 154 1022 num
183 959 353 1023 videretur.
398 959 492 1023 mitto
520 960 621 1044 igitur
649 959 688 1023 ad
716 962 749 1022 te
777 957 965 1023 Trebatium
989 962 1086 1043 atque

77 1049 124 1111 ita
152 1049 260 1129 mitto,
287 1051 324 1111 ut'
351 1048 444 1112 initio
468 1069 539 1112 mea
563 1051 690 1133 sponte,
716 1051 792 1131 post
815 1052 922 1111 autem
946 1048 1087 1112 invitatu

78 1142 134 1200 tuo
158 1137 350 1200 mittendum
375 1137 528 1201 duxerim.
574 1136 673 1220 hunc,
696 1137 741 1200 mi
765 1133 897 1220 Caesar,
921 1137 967 1200 sic
990 1136 1087 1201 velim

79 1225 166 1289 omni
193 1230 250 1289 tua
277 1226 429 1290 comitate
462 1225 689 1309 complectare,
718 1228 756 1288 ut
782 1225 891 1289 omnia
919 1247 1000 1308 quae
1030 1248 1087 1308 per

80 1336 130 1380 ure
153 1314 260 1397 possis
284 1314 408 1398 adduci,
430 1319 467 1378 ut
489 1315 524 1377 in
547 1335 636 1378 meos
660 1313 804 1379 conferre
823 1313 911 1396 velis,
934 1314 969 1376 in
987 1336 1086 1379 unum

79 1402 164 1467 hunc
188 1402 343 1468 conferas.
379 1403 418 1467 de
438 1425 500 1486 quo
519 1403 582 1466 tibi
601 1402 829 1468 homine-baec
850 1402 1002 1485 spondeo,
1020 1424 1087 1466 non

79 1492 137 1554 illo
170 1498 278 1555 vetere
310 1493 408 1555 verbo
440 1513 526 1574 meo,
554 1491 640 1574 quod
667 1513 739 1555 cum
767 1492 807 1555 a'd
839 1494 871 1555 te
899 1491 938 1555 de
965 1490 1086 1555 Milone

80 1581 290 1664 scripsissem,
313 1581 381 1643 iure
405 1581 522 1663 lusisti,
545 1580 599 1645 sed
622 1600 710 1643 more
728 1578 885 1663 Romano,
909 1582 1086 1664 quomodo

79 1669 226 1732 homines
257 1690 322 1740 non
349 1669 453 1752 inepti
480 1669 668 1752 loquuntur:
701 1669 885 1751 probiorem
913 1668 1095 1754 hominem,

81 1758 247 1820 meliorem
270 1759 387 1838 virum,
411 1757 651 1839 prudentiorem
675 1777 744 1820 esse
762 1758 933 1820 neminem.
965 1759 1088 1823 accedit

80 1847 179 1909 etiam
215 1846 300 1929 quod
331 1846 491 1909 familiam
523 1846 613 1911 ducit
643 1846 677 1910 in
709 1845 778 1909 iure
814 1846 900 1909 civili
931 1846 1088 1930 singulari

83 1934 246 2015 memoria,
271 1956 396 1997 summa
415 1934 557 1999 scientia.
592 1933 668 1999 huic
687 1954 746 2018 ego
765 1955 868 2018 neque
886 1935 1087 1999 tribunatum

83 2043 186 2104 neque
210 2022 443 2105 praefecturam
467 2044 570 2106 neque
593 2022 689 2088 ullius
713 2022 861 2087 beneficii
884 2027 1006 2087 certum
1032 2045 1088 2087 no-

83 2132 156 2174 men
183 2114 272 2194 peto,
300 2111 557 2175 benevolentiam
582 2116 671 2176 tuam
693 2115 728 2175 et
752 2111 981 2175 liberalitatem
1003 2116 1089 2196 peto,
1142 2146 1151 2197 ς

81 2221 185 2283 neque
208 2199 359 2284 impedi0‚
383 2222 446 2283 quo
470 2205 585 2282 minus,
609 2205 636 2263 si
654 2200 715 2264 tibi
733 2200 781 2263 ita
799 2199 966 2283 placuerit,
943 2201 1088 2264 tetiam

81 2289 169 2351 hisce
197 2309 270 2352 eum
298 2310 392 2353 ornes
419 2289 574 2373 gloriolae
601 2289 796 2373 insignibus,
823 2294 928 2353 totum
951 2250 1088 2372 (lenique

81 2377 243 2441 hominem
262 2378 387 2440 tibiita
405 2377 497 2441 trado
515 2377 565 2442 de
580 2377 699 2463 manu
716 2376 929 2454 utaiunt,1n
944 2377 1091 2441 manum

81 2472 171 2530 tuam
200 2466 296 2529 istam
326 2470 358 2530 et
386 2466 520 2531 victoria
547 2470 579 2530 et
565 2466 670 2530 tfide
697 2470 978 2550 praestantem..
998 2463 1089 2552 .(ad

81 2554 183 2620 famil.
204 2553 278 2636 Vll,
297 2553 332 2640 5)
1159 2633 1161 2639 Ι

172 2645 200 2706 2.
234 2640 345 2707 Cicero
376 2665 399 2707 s.
431 2643 460 2708 d.
484 2642 646 2708 Trebatio.
672 2680 715 2689 -
759 2643 799 2707 In
830 2643 977 2707 omnibus
1008 2644 1088 2707 meis

83 2732 243 2817 epistolis,
277 2753 356 2816 quas
390 2733 429 2796 ad
458 2729 628 2796 Caesarem
661 2736 718 2796 aut
746 2732 786 2795 ad
813 2730 952 2796 Balbum
986 2733 1090 2815 mitto,

82 2821 230 2904 legitima
245 2821 402 2904 quaedam
422 2824 472 2884 est
491 2820 630 2885 accessio
645 2821 933 2885 commendationis
947 2825 1022 2885 tuae
1037 2870 1044 2884 .
1059 2871 1066 2886 .
1081 2871 1089 2884 .

81 2913 119 2974 tu
146 2909 242 2973 modo
270 2909 409 2994 ineptias
437 2910 518 2973 istas
547 2913 580 2973 et
606 2909 765 2973 desideria
792 2910 881 2973 urbis
906 2912 938 2972 et
960 2909 1087 2972 urbani·

81 2998 162 3061 tatis
193 2998 332 3083 depone,
360 3002 392 3061 et
424 3019 486 3082 quo
515 2996 652 3063 consilio
680 2997 842 3080 profectus
871 3019 919 3080 es,
950 2997 983 3060 id
1011 2998 1089 3061 assi·

83 3087 154 3151 duit
140 3090 207 3150 tate
250 3091 282 3150 et
317 3088 401 3150 virtu
403 3091 435 3150 te
472 3106 665 3169 consequere
809 3090 846 3151 tu
883 3085 941 3170 qui*
975 3086 1090 3149 ceteris

82 3197 195 3239 cavere
224 3175 377 3259 didicisti,
408 3175 443 3239 in
471 3174 642 3239 Britannia
670 3195 710 3238 ne
739 3176 779 3239 ab
807 3173 978 3238 essedariis
1006 3174 1091 3238 deci-

81 3264 191 3346 piaris,
214 3268 325 3328 caveto
371 3259 567 3349 ..(V11‚6)

172 3354 201 3418 3
225 3351 336 3418 Cicero
348 3314 517 3417 Trebatio.
535 3389 571 3400 -
616 3352 750 3439 ..illud
774 3351 863 3416 soleo
881 3351 1003 3435 mirari,
1024 3373 1091 3415 non

83 3462 190 3505 meo
157 3445 190 3505 to
193 3441 254 3505 ties
274 3443 416 3524 accipere
437 3446 510 3506 tuas
530 3442 568 3505 lit
554 3446 665 3526 tteras,
689 3446 767 3525 quot
768 3441 813 3504 ies
833 3462 852 3504 a
870 3438 991 3515 Quinto
1011 3439 1091 3503 mihi

83 3529 184 3593 fratre
209 3531 344 3605 afferant
330 3536 391 3596 t.ur
429 3531 463 3596 in
481 3529 553 3595 Brit
539 3530 652 3595 tannia
674 3530 759 3594 nihil
779 3551 854 3593 esse
873 3527 978 3590 audio
991 3544 1111 3600 osope
