2422 3840
93 156 156 221 libi
190 154 260 210 vlu.
276 149 409 207 OCTAVI
424 147 523 204 SAEC.
533 147 629 204 IURIS
645 147 818 205 CONSULT.
829 147 953 203 SERIES
968 149 1106 205 TERTIA

168 329 222 390 ΙΙΙ.
250 328 300 386 De
323 325 579 385 iurisdictione
602 319 797 402 (aedilium
820 323 1029 405 curulium).

181 442 338 518 Pomponii
366 439 448 516 §44
476 441 568 500 verba
595 444 663 516 post
687 434 734 500 ‘de
758 436 975 502 iurisdictione'
1004 443 1106 503 deleta

93 526 200 685 gum
222 553 251 608 p.
267 522 347 610 340)
372 549 407 589 ea
429 529 523 589 fuisse
545 533 620 606 puto
644 549 720 606 quae
743 530 774 588 in
797 530 867 588 libri
889 530 980 590 titulo
1000 532 1104 592 adieci.

120 621 216 683 fllium
251 619 289 678 ad
320 617 464 678 aedilium
491 618 640 678 curulium
668 618 799 678 edictum
828 619 983 698 scripsisse
1010 620 1106 681 Lenel

93 727 210 789 quoque
243 707 365 784 statuit,
397 707 450 766 sed
481 707 538 784 ita,
571 707 657 784 quasi
686 707 717 765 id
743 707 850 767 iisdem
877 708 963 768 libris
990 710 1106 787 fecerit,

95 815 170 877 quos
198 796 236 856 ad
262 796 412 872 praetoris
441 795 571 856 edictum
600 795 719 872 scripsit
744 790 807 871 (ad
836 796 933 856 edicta
955 800 1104 872 praetoris

94 889 126 947 ot
148 885 290 945 aedilium
314 878 497 962 curulium'),
520 885 601 960 quod
623 885 744 944 minime
768 885 889 960 probari
911 889 1019 962 potest.
1067 889 1106 947 ad

93 977 267 1052 praetorum
287 973 373 1032 etad
393 973 534 1033 aedilium
553 973 703 1034 curulium
722 973 853 1033 edictum
871 975 920 1035 vel
934 975 1106 1053 principum

94 1053 281 1140 temporibus
311 1062 516 1123 iurisconsulti
544 1062 706 1138 separatim
733 1061 825 1122 libros
854 1064 1105 1141 conscripserunt,

95 1171 139 1212 ex.
158 1171 202 1228 gr.
222 1151 260 1211 ad
284 1151 416 1210 edictum
433 1153 606 1228 praetorum
625 1151 725 1210 Labeo
746 1154 776 1209 et
794 1152 945 1212 Masurius
964 1152 1105 1232 Sabinus,

95 1241 134 1300 ad
157 1240 299 1299 aedilium
323 1241 472 1299 curulium
495 1240 626 1299 edictum
651 1238 770 1299 (laelius
790 1240 925 1300 Sabinus.
967 1241 1106 1320 Krueger

94 1351 123 1407 p.
145 1331 207 1388 143
224 1347 266 1406 sq.
301 1330 372 1388 152.
399 1331 470 1390 156.
520 1349 558 1388 ne
586 1348 620 1388 ex
648 1328 794 1388 Hadriani
822 1329 942 1405 quidem
968 1333 1105 1408 tempore

96 1417 238 1477 aedilium
270 1417 420 1476 curulium
452 1417 585 1476 edictum
616 1417 759 1493 praetorii
790 1436 861 1494 pars
894 1419 1008 1477 factum
1047 1423 1105 1480 est:

97 1504 190 1566 Gaius
208 1505 233 1583 1,
253 1508 271 1565 6
296 1499 407 1564 ‘edicta
429 1506 557 1565 duorum
575 1509 749 1583 praetorum
766 1506 875 1565 urbani
894 1509 925 1565 et
942 1503 1106 1584 peregrini'

96 1597 127 1654 et
150 1588 259 1659 ‘edicta
282 1594 425 1653 aedilium
448 1587 610 1654 curulium'
633 1597 735 1671 aperte
755 1595 893 1673 seiungit
933 1597 1107 1672 posteriori-

96 1684 154 1742 bus
177 1685 257 1742 certe
280 1683 466 1760 temporibus
489 1683 528 1743 ad
551 1684 622 1743 bina
644 1684 742 1743 edicta
765 1685 855 1744 simul
876 1687 1107 1747 commentarios

96 1772 224 1848 scriptos
248 1789 311 1831 esse
334 1772 482 1831 traditum
505 1776 558 1832 eat.
604 1772 741 1850 Krueger
763 1792 790 1848 p.
807 1775 848 1832 86
860 1792 903 1850 sq.

186 1857 291 1920 Ofilius
327 1860 441 1936 primus
474 1860 510 1920 de
542 1861 747 1920 iurisdictione
780 1861 922 1920 aedilium
955 1864 1108 1923 curulium

97 1948 191 2009 libros
205 1949 381 2024 composuit.
405 1952 474 2025 post
488 1950 608 2009 eum-de
622 1949 726 2009 oedem
740 1969 772 2008 re
787 1950 972 2025 scripserunt
987 1950 1108 2012 Caelius

99 2037 226 2098 Sabinus
241 2030 289 2117 (P.
306 2033 415 2117 1-7),
429 2038 576 2098 Vivienus
592 2032 743 2118 (Krueger
756 2059 785 2114 p.
802 2040 878 2115 1585
893 2040 930 2098 cf.
945 2039 1108 2118 P.1-17‚

96 2126 150 2185 ubi
168 2127 206 2186 ad
225 2126 356 2186 edictum
373 2128 522 2202 praetoris
541 2129 572 2186 et
591 2127 629 2186 ad
648 2127 778 2186 edictum
797 2127 939 2186 aedilium
955 2128 1026 2187 libri
1040 2149 1110 2190 oon·

97 2216 157 2275 fusi
180 2208 275 2297 sunt),
300 2215 407 2275 Sextus
426 2216 536 2274 Pedius
559 2207 663 2294 (quem
682 2215 774 2274 Lcnel
792 2233 885 2291 aeque
905 2210 955 2274 ‘ad
975 2217 1109 2277 edictum

98 2305 246 2381 praetoris
270 2305 301 2363 ct
320 2304 462 2363 aedilium
481 2298 642 2364 curulium’
663 2304 815 2380 scripsisse
833 2308 923 2380 putat
940 2304 1110 2384 P.1—50,

97 2396 130 2451 at
160 2392 298 2470 chger
329 2412 358 2468 p.
380 2395 441 2450 172
475 2393 550 2452 duos
583 2392 811 2452 commentarios
843 2385 981 2475 statuit),
1014 2393 1111 2456 Gaius

98 2473 145 2562 (P.
166 2482 350 2541 378-388
387 2481 488 2541 libris
510 2481 548 2539 ad
585 2481 717 2540 edictum
751 2481 936 2557 provinciale
974 2479 1101 2565 additis)

1102 2531 1110 2558 t

96 2568 211 2628 Paulus
236 2563 281 2649 (P.
302 2571 477 2630 832-849
506 2569 609 2629 itidem
637 2569 722 2628 libris
746 2570 784 2628 ad
806 2570 953 2644 praetoris
978 2572 1111 2632 edictum

97 2650 231 2735 additis),
254 2655 402 2733 Ulpianus
422 2649 470 2739 (P.
487 2660 704 2719 1757-1797
728 2658 832 2717 itidem
855 2659 940 2718 libris
963 2661 1001 2718 ad
1022 2681 1112 2736 prae·

97 2745 171 2805 toris
194 2745 325 2804 edictum
348 2737 482 2828 additis).

187 2832 322 2893 Caelium
352 2833 494 2893 Sabinum
525 2840 555 2895 et
582 2835 746 2912 Ulpianum
775 2834 856 2894 Ofilii
886 2839 1111 2900 commentariis

96 2940 169 2982 usos
193 2940 256 2982 esse
280 2927 406 2999 apparet
430 2915 470 3005 (v.
494 2916 596 3007 infra).

417 3057 461 3113 Dc
479 3059 609 3113 iumentis
627 3059 786 3113 vendundis.

187 3153 310 3213 Aediles
338 3154 436 3214 aiunt:
467 3150 538 3225 ‘Qui
563 3155 699 3215 iumenta
726 3155 872 3228 vendunt,
899 3156 999 3230 palam
1027 3162 1112 3219 recte

100 3243 233 3316 diounto,
261 3242 335 3320 quid
361 3243 393 3301 in
421 3262 540 3321 quoque
568 3263 672 3303 eorum
698 3244 796 3304 morbi
822 3244 949 3320 vitiique
978 3245 1018 3305 sit
1043 3244 1113 3307 ...'

100 3331 233 3406 elogium
250 3331 321 3390 huic
340 3332 437 3392 edicto
458 3333 624 3392 subiectum
643 3335 696 3410 est,
720 3332 804 3391 cuius
822 3334 914 3393 verba
932 3335 1005 3392 baec
1024 3340 1112 3396 sunt:

100 3413 196 3488 ‘Quae
219 3419 255 3478 de
275 3419 479 3480 iumentorum
501 3422 628 3480 sanitate
653 3421 788 3498 diximus,
812 3423 848 3481 de
871 3426 968 3481 cetero
990 3443 1114 3502 quoque

182 3509 303 3568 oomni
326 3509 501 3572 venditores
525 3505 683 3572 faciunto’.
723 3509 928 3587 bainna
938 3531 983 3585 pr.
1002 3510 1065 3586 55.
