2422 3840
93 155 137 219 84
173 155 220 209 Ν,
241 153 389 211 SEPTIMI
404 154 503 211 SAEO.
518 153 614 210 IURIS
630 153 803 210 CONSULT.
819 153 944 210 ennius
958 153 1104 210 ALTERA

96 342 187 383 cansa
224 323 352 398 exempli
388 323 487 400 gratia
522 323 608 382 uxori
646 323 756 383 donare
793 326 880 398 patre
896 361 899 366 -
913 323 1105 400 permittente

94 415 222 487 poterat.
264 412 313 471 cui
331 413 375 470 ita
393 413 537 471 donatum
555 415 630 489 erat,
653 412 745 471 sacris
764 412 1018 489 adstringebatnr,
1042 431 1106 472 cnm

94 500 272 561 tantundem
291 501 436 560 donatum
455 503 534 560 esset
552 503 699 576 quantum
718 501 936 575 paterfamilias
949 501 1106 562 retinebat.

95 589 237 665 quoniam
269 589 354 648 nulla
381 588 503 648 donatio
531 591 650 666 praeter
678 590 764 648 uxori
791 590 839 648 vel
866 589 971 648 liberis
998 591 1104 649 factum

95 679 127 737 in
157 697 216 736 usu
248 682 326 754 erat,
360 679 402 738 sic
433 697 551 756 quoque
580 697 666 738 sacra
692 678 723 736 in
751 678 866 737 familia
892 678 1106 738 retinebantur.

94 765 226 827 Kuebler
248 766 280 826 Z.
299 767 326 828 d.
347 766 536 843 Savigny·St.
554 767 606 844 XI,
626 769 764 827 39—45.

185 865 296 933 Cicero
323 868 361 931 de
384 868 483 950 legib.
506 869 537 947 2,
556 868 608 951 20,
627 867 679 932 50.
707 904 749 914 —
777 867 817 931 In
845 868 1020 933 donatione
1048 868 1107 934 hoc

96 954 154 1035 (sc.
182 956 262 1020 illud
293 956 486 1020 tantundem
518 960 551 1021 et
582 956 689 1020 minus
718 952 847 1043 capere)
875 956 973 1021 iidem
1003 957 1107 1044 (Scae-

96 1044 203 1129 volae)
235 1045 504 1128 interpretantur:
536 1048 569 1109 et
601 1044 687 1130 quod
714 1045 950 1129 paterfamilias
979 1047 1012 1109 in
1043 1049 1108 1111 eius

96 1133 282 1217 donatione,
321 1133 377 1216 qui
408 1133 442 1196 in
477 1133 546 1198 eius
578 1136 740 1216 potestate
773 1140 871 1216 esset,
907 1135 1109 1219 approbavit,

96 1225 203 1287 ratum
227 1225 289 1305 est,
313 1221 398 1305 quod
422 1244 459 1285 eo
484 1221 643 1287 insciente
666 1222 788 1287 factum
812 1227 871 1307 est,
894 1223 922 1287 si
943 1225 972 1287 is
992 1224 1025 1287 id
1045 1246 1109 1289 non

97 1311 271 1396 approbat,
294 1313 401 1374 ratum
424 1332 489 1374 non
513 1315 571 1375 est.

468 1509 577 1569 Liber
599 1510 648 1571 V?
671 1510 735 1569 VI?

437 1624 588 1685 Cenomani
611 1628 776 1686 dividundo.

88 1779 89 1782 ,
186 1738 259 1797 Tria
294 1738 478 1818 fragmenta,
514 1759 590 1818 qnae
628 1760 663 1800 ex
695 1741 853 1817 Pomponii
883 1743 961 1803 libro
995 1744 1110 1805 decimo

100 1828 208 1906 quarto
233 1830 352 1888 exstent
374 1847 509 1907 quaeque
533 1831 571 1888 ad
593 1831 742 1889 communi
765 1831 927 1891 dividundo
951 1832 1112 1892 arbitrium

98 1916 210 1992 optime
244 1916 350 1976 referri
380 1922 520 1996 possunt,
552 1919 684 1979 Mucium
714 1919 818 1996 quinto
846 1922 894 1979 vel
922 1924 1006 1981 sexto
1034 1922 1111 1982 libro

100 2005 136 2064 de
169 2005 272 2065 eodem
304 2006 429 2067 arbitrio
458 2008 613 2084 scripsisse
641 2007 749 2066 indicio
778 2009 846 2068 siut.
896 2028 991 2069 uuum
1018 2010 1113 2070 Mucii

97 2094 302 2172 fragmentum
324 2090 416 2154 huius
440 2096 496 2156 loci
519 2095 641 2155 videtur
662 2114 737 2156 esse.

186 2193 226 2260 D.
245 2194 297 2274 50,
319 2197 368 2277 16,
387 2196 441 2280 25,
461 2196 478 2259 1
504 2196 625 2261 Paulus
645 2196 726 2260 libro
747 2198 924 2263 vicensimo
944 2201 1051 2284 primo
1071 2201 1111 2265 ad

99 2282 239 2348 edictum
259 2281 308 2368 (P.
324 2281 433 2369 33911).
477 2284 616 2359 Quintus
634 2283 759 2350 Mucius
782 2286 828 2350 ait
846 2288 947 2371 partis
968 2290 1112 2372 appella—

98 2373 187 2436 tione
207 2393 277 2436 rem
294 2393 353 2454 pro
372 2371 511 2436 indiviso
532 2373 722 2458 significari:
739 2396 816 2438 nam
832 2375 917 2459 quod
931 2398 991 2460 pro
1007 2377 1110 2444 diviso

90 2465 247 2551 'nostrum
273 2461 329 2542 sit,
352 2459 385 2523 id
408 2481 473 2524 non
496 2466 636 2544 partem,
662 2463 717 2526 sed
740 2466 844 2527 totum
869 2486 949 2529 esse.

497 2661 606 2720 Liber
628 2661 707 2722 VII?

394 2776 441 2835 De
462 2779 507 2836 rei
529 2780 650 2836 cenerico
673 2779 813 2837 arbitrio?

186 2888 235 2947 An
263 2889 298 2947 de
327 2889 396 2949 dote
419 2890 452 2960 Q.
471 2891 588 2951 Mucius
615 2892 780 2969 scripserit,
808 2893 934 2952 dubium
956 2900 1015 2972 est,
1043 2916 1111 2956 cum

98 2995 194 3053 neque
223 2977 302 3037 dotis
329 2997 426 3056 neque
453 2980 497 3038 rei
524 2980 646 3040 uxoriae
674 2981 793 3040 arbitrii
819 2999 946 3059 usquam
974 2984 1006 3042 in
1030 2986 1110 3064 frag-

98 3066 208 3125 mentis
231 3066 342 3127 mentio
366 3067 427 3128 fiat.
468 3069 500 3125 in
518 3069 676 3145 Pomponii
698 3071 736 3128 ad
753 3070 887 3129 Mucium
909 3067 995 3131 libris
1013 3092 1111 3150 pauca

99 3156 134 3214 de
163 3155 232 3214 dote
259 3155 453 3231 reperiuntur
478 3157 515 3217 D.
540 3159 595 3234 23,
615 3159 649 3234 3,
670 3160 709 3218 65
735 3161 766 3218 et
790 3160 829 3219 66
861 3153 906 3238 (Ρ.
927 3161 1000 3237 243,
1020 3155 1109 3244 254),

98 3262 166 3303 cum
184 3244 216 3302 in
235 3245 319 3304 libris
339 3245 377 3304 ad
397 3245 539 3304 Sabinum
555 3246 737 3321 Pomponius
755 3247 840 3307 libris
860 3249 973 3308 decimo
993 3255 1108 3329 quarto,

98 3333 216 3409 quinto,
245 3336 328 3393 sexto
356 3335 392 3392 de
420 3334 485 3393 iure
513 3334 628 3394 dotium
657 3336 811 3412 scripserit
838 3329 886 3416 (P.
909 3335 1108 3419 594-637).

186 3420 373 3498 Quamquam
395 3423 454 3481 iam
480 3423 511 3482 P.
529 3423 662 3482 Mucium
686 3425 722 3483 de
743 3422 774 3486 C.
796 3425 964 3500 Sempronii
983 3426 1109 3489 Gracchi

97 3509 204 3571 viduae
221 3511 290 3571 dote
303 3529 479 3586 responsum
494 3512 610 3572 dedisse
626 3513 734 3573 scimus
749 3505 801 3594 (D.
817 3515 867 3590 24,
881 3516 910 3592 3,
922 3506 988 3597 66),
1007 3520 1109 3578 tamen
