2422 3840
93 120 149 222 24⁴
179 158 226 214 ΙΙΙ.
250 157 397 212 SEPTIMI
416 155 515 212 SAEG.
534 155 631 212 IUBIS
649 154 824 212 consum.
840 154 966 209 snmus
984 154 1101 208 PRIMA

184 322 212 384 7.
244 318 283 385 D.
302 320 332 403 9,
351 321 381 403 2,
400 320 441 382 27
462 321 504 400 ἐξ
523 320 575 384 22.
596 320 647 384 23.
693 318 852 402 Ulpianus
877 319 961 383 libro
985 323 1101 382 octavo

95 409 218 474 decimo
245 410 285 473 ad
309 409 447 473 edictum
473 406 521 495 (P.
541 409 629 493 624).
655 443 693 454 -
720 406 753 472 si
777 408 893 471 mulier
916 427 1026 492 pugno
1051 405 1101 470 vel

94 519 177 581 equa
203 497 270 562 ictu
298 520 317 561 a
344 502 375 562 te
403 519 555 581 percussa
585 497 728 579 eiecerit,
754 495 875 561 Brutus
899 497 947 560 ait
971 496 1102 580 Aquilia

93 587 170 670 <te>
188 586 292 650 teneri
312 587 403 670 quasi
423 591 529 668 rupto.
563 589 595 649 et
614 587 642 649 si
660 587 783 650 mulum
803 585 875 668 plus
889 585 975 648 iusto
991 606 1100 649 onera·

95 677 179 740 veris
202 678 235 739 et
258 673 380 758 aliquid
405 674 540 738 membri
564 673 696 758 ruperit,
723 673 870 758 Aquiliae
894 674 1000 737 locum
1023 673 1101 737 fore.

183 765 211 829 8.
245 765 283 828 D.
306 764 363 846 49,
385 762 438 847 15,
456 763 487 828 4.
531 762 730 828 Modestinus
758 763 842 828 libro
870 763 968 827 tertio
995 761 1100 847 Regu·

93 853 197 918 larum
228 849 276 939 (P.
302 847 392 936 208).
424 887 468 899 -
500 873 555 916 eos
588 852 644 934 qui
676 851 717 916 ab
749 850 899 915 hostibus
932 850 1101 934 capiuntur

93 943 145 1006 vel
174 941 324 1005 hostibus
354 938 525 1022 deduntur,
556 940 625 1004 iure
653 939 845 1023 postliminii
871 939 991 1004 reverti
1019 939 1100 1003 anti·

94 1030 203 1114 quitus
231 1029 361 1113 placuit.
403 1051 444 1092 an
472 1031 528 1112 qui
553 1028 701 1093 hostibus
725 1028 851 1093 deditus
875 1049 1020 1091 reversus
1045 1048 1101 1092 nec

95 1119 232 1182 anobis
258 1120 405 1199 receptus
429 1118 507 1182 civis
531 1117 696 1182 Romanus
720 1117 777 1201 sit,
803 1119 888 1181 inter
910 1115 1046 1181 Brutum
1069 1122 1102 1179 et

95 1205 282 1272 Scaevolam
308 1206 395 1270 varie
417 1210 592 1271 tractatum
616 1212 673 1270 est.

351 1424 399 1483 De
422 1425 499 1484 iure
523 1423 627 1484 civili
649 1423 736 1483 libri
760 1426 845 1484 tros.

184 1545 243 1606 Cic.
267 1547 302 1606 de
325 1567 365 1608 or.
388 1550 420 1625 2,
441 1551 503 1610 223
534 1542 610 1608 ‘tros
638 1549 733 1625 patris
756 1547 847 1607 Bruti
873 1547 909 1606 de
934 1548 1000 1606 iure
1024 1546 1104 1606 civili

93 1636 186 1695 libros
214 1636 312 1696 tribus
339 1637 482 1713 legendos
512 1631 618 1714 dedit'3
650 1658 694 1714 pr.
720 1635 836 1696 Cluent.
861 1639 922 1696 141
953 1629 1025 1695 ‘tres
1054 1654 1102 1694 ex·

94 1724 200 1785 citavit
222 1725 397 1785 recitatores
418 1744 484 1785 cum
503 1727 629 1803 singulis
648 1726 743 1802 libris,
767 1743 842 1803 quos
860 1725 899 1785 M.
918 1726 1030 1784 Brutus
1050 1768 1102 1785 ...

94 1812 130 1872 de
153 1813 218 1872 iure
241 1814 324 1873 civili
346 1808 494 1891 reliquit'.

183 1900 258 1961 Cum
290 1903 325 1963 cle
359 1923 400 1963 or.
430 1906 463 1979 2,
483 1906 546 1963 224
574 1905 710 1982 legamus
743 1896 796 1963 ‘ex
827 1902 904 1963 libro
936 1902 1039 1979 tertio,
1071 1903 1103 1960 in

94 2009 152 2068 quo
171 1991 261 2065 finem
280 1991 428 2052 scribendi
447 1993 519 2052 fecit
538 1988 590 2072 (M.
609 1988 751 2072 Brutus);
774 1995 821 2052 tot
839 1992 927 2069 enim,
949 1994 984 2050 ut
1000 1990 1104 2050 audivi

94 2080 268 2141 Scaevolam
292 2081 402 2158 dicere,
430 2084 500 2141 sunt
525 2082 586 2141 veri
608 2081 698 2140 Bruti
720 2073 812 2160 libri',
835 2081 1009 2140 concludere
1032 2079 1104 2139 licet

27 2239 29 2243 ἲ
93 2170 210 2247 aliquot
233 2169 325 2229 libros
349 2169 467 2244 spurios
487 2168 619 2229 adiectos
639 2187 713 2230 esse.
754 2170 903 2228 Zimmern
927 2167 1103 2229 Geschichte

92 2257 120 2334 1,
146 2261 217 2318 276.
242 2260 277 2318 cf.
297 2259 376 2316 infra
398 2260 447 2316 17.

183 2347 313 2405 Brutum
335 2364 480 2421 responsa
503 2363 557 2405 sua
580 2345 611 2404 in
633 2347 686 2406 hos
710 2347 802 2406 libros
826 2345 979 2422 retulisse,
1002 2348 1033 2404 et
1055 2364 1104 2405 res

93 2434 160 2512 ipsa
188 2435 274 2494 docet
304 2438 334 2494 et
358 2433 460 2494 Oiocro
483 2434 519 2492 do
544 2454 585 2494 or.
610 2437 721 2511 2,142
746 2436 928 2495 auctorest.
973 2433 1105 2494 Brutum

95 2523 233 2582 similiter
261 2525 351 2599 atque
374 2523 407 2582 P.
431 2523 564 2582 Mucium
592 2523 798 2584 controversas
826 2540 875 2583 res
903 2523 1000 2582 fusius
1025 2527 1104 2583 trac·

94 2615 175 2671 tasso
198 2613 343 2688 probatur
367 2612 457 2670 otiis
481 2631 556 2688 quae
581 2613 617 2671 de
639 2613 777 2672 hostibus
801 2612 902 2672 dedito
921 2612 1007 2670 otiis
1026 2630 1104 2688 quae

95 2701 131 2760 de
154 2701 230 2759 furti
254 2701 369 2759 actione
393 2702 572 2760 referuntur.
613 2720 713 2760 rorum
738 2702 810 2760 ordo
834 2701 971 2778 cognosci
990 2701 1103 2775 nequit.

523 2897 631 2955 Liber
654 2895 677 2955 Ι.

186 3015 213 3079 1.
245 3012 309 3080 Cic.
330 3015 367 3078 de
387 3018 467 3080 orat.
487 3017 517 3096 2,
532 3016 605 3079 224.
632 3051 670 3060 -
698 3036 736 3078 ex
763 3014 847 3079 libro
876 3015 993 3098 primo:
1024 3014 1106 3096 forle

94 3104 202 3182 euenit,
225 3108 261 3168 at
281 3105 317 3168 lo
338 3103 518 3169 Priuernati
540 3123 677 3170 essemus.

515 3302 625 3362 Liber
647 3303 686 3363 H.

184 3425 213 3489 2.
245 3423 326 3488 Ibid.
355 3459 393 3471 -
424 3422 537 3486 deinde
566 3445 604 3486 ex
632 3422 716 3486 libro
745 3422 895 3487 secundo:
923 3424 958 3487 irc
981 3424 1105 3488 Albano

94 3515 218 3578 mamus
240 3533 291 3595 quo
314 3518 342 3576 ct
364 3511 494 3577 Morcus
515 3512 619 3604 filius
