2422 3840
365 149 389 197 ὁ.
413 139 442 196 C.
457 139 661 195 TREBATIUS
680 138 795 194 TESTA
1019 137 1082 202 401

78 303 234 386 scriptum
259 306 355 366 esset:
380 301 505 367 ‘Sticho
530 324 621 368 servo
645 324 716 367 meo
737 302 830 366 heres
852 302 990 386 quinque
1009 301 1085 366 dato

78 397 123 471 et,
158 392 185 455 si
214 392 343 456 Stichus
375 391 487 455 heredi
518 412 589 454 meo
618 390 782 455 biennium
811 390 970 472 servierit,
1002 390 1086 455 liber

79 479 171 565 esto',
195 485 271 564 post
294 480 460 544 biennium
485 480 627 563 legatum
646 479 754 543 deberi
774 479 929 560 existimo,
955 479 1030 562 quia
1052 479 1087 543 in

77 569 110 632 id
133 573 262 652 tempus
286 574 318 633 et
343 569 529 632 libertaset
547 569 691 652 legatum
709 566 820 631 referri
839 567 979 651 deberet,
1002 568 1087 650 quod

78 661 111 721 et
133 657 304 722 Trebatius
327 655 503 742 respondit.

411 821 455 876 De
472 838 525 876 usu
542 821 638 888 fructu
656 822 750 892 lepato.

171 933 220 998 18.
243 932 283 997 D.
302 933 359 1016 33,
378 932 412 1017 2,
431 932 483 997 31.
520 930 627 995 Labeo
655 931 738 996 libro
768 931 906 997 secundo
929 931 1087 1016 posterio-

79 1044 150 1084 rum
170 1021 353 1086 aIavoleno
373 1021 624 1104 epitomatorum
645 1017 693 1106 (P.
712 1018 796 1104 176).
828 1019 861 1084 Is
881 1021 935 1104 qui
953 1020 1087 1084 fundum
1167 1099 1169 1106 Ι

79 1116 185 1174 tecum
209 1131 411 1174 communem
433 1109 585 1191 habebat,
608 1108 865 1173 usumfructum
889 1109 982 1173 uxori
999 1109 1088 1194 lega-

79 1202 185 1280 verat3
214 1202 289 1280 post
316 1202 453 1263 mortem
481 1198 549 1262 eius
575 1202 680 1261 tecum
705 1196 798 1262 heres
823 1197 980 1261 arbitrum
1003 1218 1088 1263 com·

80 1288 169 1351 muni
198 1287 371 1351 dividundo
398 1287 544 1369 petierat.
589 1284 723 1350 Blaesus
752 1287 797 1350 ait
825 1285 1012 1351 Trebatium
1039 1308 1088 1350 re-

81 1375 257 1459 spondisse,
277 1376 304 1439 si
323 1375 443 1439 arbiter
457 1375 553 1440 certis
568 1375 753 1459 regionibus
767 1374 903 1439 fundum
918 1375 1088 1458 divisisset,

81 1469 148 1528 eius
173 1465 285 1548 partis,
309 1485 390 1548 quae
413 1463 476 1527 tibi
499 1463 662 1548 optigerit‚
687 1485 780 1529 usum
801 1462 942 1528 fructum
960 1464 1088 1528 mulieri

80 1554 170 1617 nulla
194 1575 231 1616 ex
255 1556 347 1637 parte
371 1552 489 1635 deberi,
511 1551 566 1615 sed
586 1552 654 1615 eius
674 1552 759 1636 quod
777 1551 889 1616 heredi
907 1552 1089 1638 optigisset,

80 1642 181 1706 totius
205 1663 299 1706 usum
321 1643 462 1705 fructum
486 1661 558 1703 eam
580 1639 777 1705 habiturum.

433 1804 478 1858 Dc
496 1806 619 1860 libertate
635 1806 738 1861 relicta.

172 1916 221 1980 19.
253 1914 293 1979 D.
312 1915 370 1998 40,
390 1914 424 1998 7,
447 1914 502 1993 39,
521 1915 551 1979 4.
596 1913 768 1978 Iavolenus
797 1914 880 1979 libro
911 1919 1025 1998 quarto
1050 1937 1089 1980 ex

81 2003 315 2086 posterioribus
345 2002 504 2067 Labeonis
533 2001 581 2086 (P.
603 1999 692 2088 196).
743 2000 793 2066 ‘si
821 2002 949 2068 Stichus
977 2005 1089 2068 Attiae

83 2092 172 2155 mille
198 2112 348 2155 nummos
373 2090 509 2174 dederit,
535 2091 617 2155 liber
640 2090 733 2156 esto'.
777 2090 870 2156 Attia
893 2092 967 2157 vivo
991 2096 1089 2156 testa·

81 2185 151 2243 tore
175 2180 323 2244 decessit:
350 2201 416 2243 non
440 2201 536 2264 posse
560 2178 706 2244 Stichum
728 2179 865 2244 liberum
889 2202 958 2244 esse
981 2179 1088 2245 Labeo

82 2267 197 2332 Ofilius
220 2268 468 2353 responderunt,
498 2267 683 2350 Trebatius,
708 2269 737 2332 si
760 2273 834 2334 ante
860 2272 1088 2333 testamentum
1142 2298 1146 2306 ·

82 2357 202 2420 factum
222 2359 315 2421 Attia
332 2357 532 2441 decessisset,
550 2357 648 2421 idem:
672 2357 700 2421 si
718 2361 840 2440 postea,
859 2379 932 2422 eum
951 2358 1089 2422 liberum

80 2445 235 2510 futurum.

171 2551 222 2616 20.
255 2552 294 2616 D.
313 2553 369 2636 40,
388 2552 421 2635 7,
445 2552 501 2634 39,
519 2553 549 2616 2.
598 2551 771 2616 Iavolenus
803 2551 878 2618 ibid.
907 2550 965 2616 ‘Si
996 2552 1088 2616 heres

83 2662 176 2704 servo
196 2640 365 2723 pecuniam
385 2642 423 2705 ad
437 2639 667 2724 negotiandum
683 2639 832 2723 dedisset,
850 2643 938 2705 statu
952 2641 1089 2706 liberum

83 2750 154 2792 eam
190 2730 297 2814 ipsam
332 2729 527 2793 numerando
564 2729 695 2795 liberari
726 2750 766 2794 ex
796 2733 991 2795 testamento
1023 2751 1090 2795 non

82 2839 177 2901 posse
195 2817 305 2882 Labeo
323 2816 493 2882 Trebatius
513 2817 753 2901 responderunt,
772 2818 848 2903 quia
866 2818 997 2883 reddere
1017 2840 1089 2882 eam

82 2907 187 2989 magis
211 2928 307 2990 quam
331 2906 405 2969 dare
429 2905 599 2970 videretur.

224 3107 270 3164 Dc
293 3107 431 3165 1111111111
447 3107 626 3179 possessione
648 3107 804 3166 secondom
826 3108 949 3166 tabulas.

171 3225 223 3289 21.
256 3223 321 3291 Cic.
345 3223 386 3288 ad
408 3224 484 3290 fam.
504 3225 532 3306 7,
546 3223 599 3289 21.
635 3221 746 3289 Cicero
770 3224 934 3290 Trebatio.
952 3261 995 3271 -
1015 3221 1089 3289 Silii
1134 3293 1135 3296 ,

83 3334 212 3376 causam
240 3318 273 3378 te
301 3312 404 3377 docui.
452 3312 480 3377 is
508 3315 622 3396 postea
649 3312 712 3377 fuit
738 3312 822 3397 apud
850 3336 910 3378 me.
960 3336 1032 3379 cum
1060 3313 1090 3377 ei

83 3400 230 3485 dicerem,
251 3402 312 3466 tibi
330 3400 432 3467 videri
450 3401 655 3485 sponsionem
673 3402 762 3465 illam
779 3423 839 3467 nos
859 3402 928 3467 sine
946 3402 1089 3486 periculo

82 3488 187 3552 facere
229 3512 322 3574 posse
363 3487 409 3554 ‘si
449 3490 608 3554 bonorum
649 3490 812 3576 Turpiliae
852 3492 1100 3575 possessionem

135 3601 229 3650 Iurispr.
243 3604 359 3644 antehadr.
373 3603 423 3646 rell.
438 3603 474 3647 ed.
487 3604 592 3646 Bremer.
856 3599 899 3646 ‘ab
